2184 2761
731 103 1222 145 PRAEFATIO
1750 125 1853 153 xvu

96 223 317 281 cupletata‚
371 219 487 262 tertio
522 219 600 260 iam
634 216 812 258 eiusdem
851 213 978 254 studio
1011 210 1135 266 longe'
1163 213 1379 256 etiamnum
1416 213 1631 259 auctiorem
1665 221 1702 262 se
1735 220 1859 265 sistere

92 308 264 366 publicis
288 303 415 350 vsibus
437 304 558 358 gestit.
639 304 696 342 Ex
720 301 929 341 Germanis
966 298 1103 341 nostris
1130 310 1282 354 praeter
1313 301 1352 340 B.
1377 303 1426 344 D.
1449 300 1744 359 Baltlmstn·em
1774 306 1853 348 Be.

95 388 242 434 bellu-m
266 393 307 431 in
333 385 646 445 Antiquitatibus
674 384 856 427 ecclesiae
879 395 1049 442 quatuor
1080 386 1260 439 priorum
1292 384 1536 428 speculorum
1566 397 1604 427 et
1638 387 1790 431 laudata
1816 393 1858 433 in

92 475 176 518 hoc
197 486 342 528 genere
366 473 504 527 scripta
529 473 623 514 Reu.
647 474 682 513 V
685 473 774 514 iror.
800 470 855 511 10.
890 466 1082 525 Gozfiv'di
1111 469 1275 511 olem-iz·
1291 499 1303 520 ,
1353 469 1632 514 Arnstadicnfis
1661 473 1856 528 praesulis,

91 559 205 599 cuius
230 556 392 598 Abacus
419 556 690 610 Patrologicus
722 556 921 611 superiore
952 567 1054 595 anno
1082 553 1198 608 longe
1226 553 1374 608 prodiit
1405 554 1641 611 locupletior
1664 555 1733 597 sub
1767 559 1855 597 titu-

89 639 133 682 lo
160 638 428 682 bibliothecae
454 639 690 694 scriptorum
715 638 1087 681 ecclesiasticorum:
1133 637 1223 680 Seu.
1255 637 1476 680 Jb'altlzem·
1509 639 1670 681 Sluleri
1686 670 1698 689 ,
1754 641 1852 681 anti-

89 723 205 773 sttiis,
248 736 340 768 eum
366 723 538 773 viueret,
567 722 798 764 meritissimi
824 721 1177 776 Lauenbmgenfis,
1212 733 1328 779 atque
1348 719 1464 779 Cast).
1489 722 1744 778 Sagittarii,
1781 723 1855 764 do-

88 803 209 847 &oris
237 805 488 847 historiarum
518 804 670 860 publici
701 808 742 848 in
773 808 991 849 Academia
1022 805 1194 858 lenenfi,
1242 807 1297 851 τέ
1334 803 1571 862 ‘innotesci-3,
1628 818 1854 848 memoran-

87 888 181 931 dum
208 888 313 930 duco
332 890 510 943 inprimis
531 886 738 931 dossorem
764 892 966 947 quondam
987 905 1143 940 meum,
1177 905 1281 931 nunc
1306 892 1406 931 inter
1426 889 1589 930 coelites
1606 889 1856 943 adscriptum,

92 968 225 1014 leom.
262 971 484 1027 Iurgium,
537 972 774 1026 theologum
807 988 853 1016 ac
895 975 1285 1030 superintendentem
1324 971 1571 1026 Lipsiensem.
1657 974 1747 1025 Qia
1786 970 1855 1012 ille

84 1040 336 1095 :recuratione
362 1064 401 1094 et
423 1055 501 1096 fide
521 1086 532 1106 ,
578 1070 699 1112 quam
726 1056 863 1110 insigni
887 1071 1071 1113 apparatu
1094 1070 1132 1098 et
1160 1057 1286 1097 studio
1323 1055 1372 1095 de
1405 1053 1578 1108 patribus
1611 1051 1853 1106 Apostolicis

81 1127 124 1176 et
144 1136 294 1192 scriptis
317 1138 436 1191 primi
461 1151 506 1179 ae
529 1130 689 1181 secundi
710 1140 874 1192 saeculi,
910 1156 1128 1198 corumque
1155 1137 1356 1188 dochum,
1386 1134 1607 1179 haeresibus
1632 1145 1669 1176 et
1688 1144 1851 1176 contro-

82 1217 538 1274 versiiscommentatus
572 1221 720 1274 fuerit,
761 1239 959 1281 quamque
991 1226 1198 1278 diligenter
1222 1221 1355 1277 paullo
1389 1231 1476 1260 ante
1509 1229 1679 1260 mortem
1713 1231 1848 1259 recen-

81 1302 199 1343 suerit
226 1313 405 1345 veterum
435 1315 592 1360 patrum
630 1306 886 1349 collectiones
915 1320 954 1349 et
983 1307 1245 1349 bibliothecas
1266 1336 1277 1355 ,
1330 1316 1380 1343 ex
1413 1302 1524 1342 editis
1553 1299 1668 1355 ipsius
1702 1301 1853 1354 scriptis

83 1384 164 1422 iam
190 1387 377 1422 Oinnibktb
395 1399 521 1434 putet,
548 1390 741 1434 sper-nqup
770 1389 872 1428 forst,
902 1402 963 1428 vf„
995 1405 1096 1433 qnae>
1116 1391 1165 1420 dC
1191 1389 1306 1423 [ertio
1329 1385 1447 1424 etiam
1472 1395 1512 1424 et
1534 1394 1674 1438 qUffl'tO
1697 1382 1854 1424 fileCUlO

80 1465 244 1518 priuatis
270 1462 414 1504 scholis
437 1461 597 1502 tradidit
613 1491 624 1511 ,
672 1460 853 1515 publicae
877 1460 957 1500 luci
983 1458 1156 1502 similiter
1181 1464 1280 1504 intra
1313 1464 1436 1506 breue
1469 1476 1623 1521 tenipus
1649 1479 1850 1520 exponan-

86 1556 158 1588 tur.
238 1549 291 1585 Vt
313 1558 409 1586 vero
442 1544 529 1599 post
559 1553 620 1585 tot
651 1554 812 1598 tamque
843 1542 1064 1597 praeclaros
1096 1546 1204 1585 viros
1242 1548 1459 1589 etiamnum
1486 1549 1673 1589 auderem
1705 1550 1746 1589 iu
1772 1549 1854 1590 hoe

84 1638 317 1686 argumento
349 1625 595 1683 spicilegium
627 1624 792 1675 moliri,
828 1628 959 1667 mouit
989 1640 1053 1667 me
1078 1629 1249 1682 partim,
1287 1630 1418 1684 quod,
1460 1629 1689 1672 dod'loribus
1723 1630 1850 1672 eccle—

85 1708 433 1760 fiasticiS-omiffis,
464 1707 597 1750 hiulca
623 1718 662 1750 et
679 1722 819 1763 parum
842 1711 991 1762 integra
1014 1708 1142 1751 fuifl'et
1164 1708 1294 1753 futura
1317 1726 1402 1753 mea
1427 1727 1662 1768 graecorum
1687 1714 1852 1768 scripto-

87 1808 174 1834 rum
208 1793 396 1835 historia:
439 1792 582 1833 deinde
616 1792 727 1847 quod
756 1793 934 1834 viderem
957 1792 1144 1834 nonnulla
1169 1795 1270 1835 mihi
1288 1795 1361 1837 effe
1384 1796 1433 1836 ad
1459 1809 1596 1838 manus
1615 1827 1626 1847 ‚
1663 1796 1724 1837 vel
1742 1811 1853 1852 prae·

85 1878 195 1917 terita
218 1874 323 1925 aliis,
364 1874 427 1915 vel
451 1888 551 1931 quae
575 1876 747 1916 curatius
772 1886 838 1916 aut
860 1874 1074 1917 distindiius
1100 1874 1279 1928 fortasse,
1309 1879 1535 1932 praesertim
1565 1880 1674 1935 quod
1699 1880 1747 1921 ad
1767 1881 1849 1920 ecli-

84 1960 212 1999 tiones
236 1968 274 1998 et
299 1956 494 2000 versiones
517 1958 755 2012 scriptorum
778 1959 927 1999 adtinet
943 1989 956 2009 ,
992 1958 1143 2013 poss‘em
1165 1960 1356 2015 explicata
1387 1962 1598 2015 adiungere
1615 1992 1624 2007 ‚
1657 1975 1731 2019 qua
1759 1964 1847 2018 qui-

85 2041 177 2082 dem
213 2041 256 2082 in
287 2051 398 2095 parte
431 2054 528 2082 num
560 2054 703 2095 operae
735 2042 907 2095 pretium
934 2039 1126 2093 fecerim,
1155 2042 1242 2084 'vel
1272 2045 1312 2085 in
1341 2046 1534 2099 proximis
1564 2044 1848 2094 voluminibus,

85 2136 185 2180 quae
215 2121 345 2164 adhuc
371 2123 587 2165 christianis
619 2122 873 2179 scriptoribus
903 2124 1167 2180 impendenda
1204 2137 1343 2177 erunt,
1396 2125 1568 2169 facturus
1599 2126 1694 2179 sim,
1750 2129 1851 2168 iudi-

86 2208 193 2248 cium
211 2207 351 2246 Tuum
375 2208 462 2257 erit,
483 2205 627 2248 Led’tor
649 2206 857 2248 Beneuole.
919 2210 1004 2250 Nec
1027 2223 1121 2249 cum
1143 2209 1244 2251 mala
1268 2213 1374 2260 Tua,
1396 2221 1438 2252 vt
1461 2211 1588 2265 spero,
1625 2214 1744 2264 gratia
1771 2212 1856 2253 hoc.

85 2291 173 2343 cepi
212 2287 388 2339 consilii,
436 2290 546 2346 quod
578 2305 670 2332 cum
707 2291 958 2332 Graecorum
991 2294 1210 2334 recentium
1234 2278 1497 2343 dociiffimus,
1539 2293 1620 2335 Leo
1650 2294 1849 2343 slzzsatizcs,

87 2373 210 2425 capita
233 2372 457 2428 quaedam,
495 2386 534 2432 a„
551 2387 616 2418 me
649 2388 730 2418 non
757 2376 1063 2431 praetereunda,
1082 2376 1352 2435 ‘'occiipaffet,
1388 2374 1585 2433 fusiusque
1614 2374 1847 2432 explicasset,

1203 2473 1225 2500 c
1769 2470 1847 2513 ego
