2109 2761
640 134 1249 183 PRAEFATIO.
1738 155 1811 188 vu

234 257 390 315 Insuper
429 259 621 316 quaedam
659 256 923 312 supplementa
954 256 1150 300 beneuole
1177 257 1277 298 mihi
1315 257 1604 313 suppeditarunt
1633 259 1813 311 Sixtius,

65 370 307 426 ‘theologus
334 368 683 413 Altdorfinus-cel.
714 378 754 409 et
783 367 854 410 cel.
884 367 1110 418 immarus,
1135 367 1282 409 'Recstor
1311 370 1466 411 scholae
1497 369 1700 421 Citzenfis,
1734 375 1812 424 (at-

64 496 143 540 que
179 495 259 536 ego
292 492 431 537 gratus.
452 480 626 534 agnosco
653 479 918 536 praedicoque
954 478 1120 521 illorum
1149 480 1433 524 humanitatem
1458 485 1811 538 atque-promatu-

0 633 3 640 ‚
64 594 248 645 dinem3)
279 593 343 634 sed
372 605 431 641 ea,
462 591 586 641 dolui,
615 593 656 632 in
683 603 821 631 manus
846 603 955 631 meas
985 590 1142 641 veniffe.
1168 592 1375 648 postquam
1399 592 1606 649 plagulae,
1635 594 1684 634 ad
1717 607 1812 649 quas

63 706 333 762 pertinuerunt
367 703 529 745 illorum
566 701 878 750 obstruationes,
907 698 1018 743 'iam
1051 703 1095 743 in
1132 703 1311 745 manibus
1349 705 1583 760 typographi
1614 703 1812 760 Lipfienfis

61 814 282 865 haeserant,
323 812 399 856 nee
432 825 556 869 pauca
593 812 628 853 a'
651 810 721 854 me
753 812 946 868 occupata
983 812 1095 856 fuisse
1120 814 1386 870 deprehendi.
1470 820 1534 858 De
1562 816 1811 872 quibusdam,

1720 929 1811 983 quia

168 1155 201 1188 1¹.
229 1167 256 1187 ι.
279 1157 314 1188 in
346 1156 459 1188 indice
490 1155 552 1197 ὃς.
584 1156 642 1188 lin.
675 1165 709 1198 9.
739 1156 813 1198 post
841 1154 893 1194 τέ,
930 1159 1088 1195 sumant
1118 1159 1193 1191 add.
1217 1159 1375 1191 XXVII.
1398 1163 1459 1192 cat.
1491 1157 1574 1201 epfi.
1595 1159 1808 1200 Byzantimr.

171 1240 244 1266 ante
273 1233 502 1278 Constantinum
532 1235 580 1266 Μ.
612 1240 647 1266 et
677 1235 841 1277 deinceps
875 1242 969 1268 muta
999 1247 1180 1271 nnmerum
1199 1238 1411 1280 paragraph.
1442 1254 1484 1264 -
1517 1237 1595 1280 Pag.
1620 1248 1676 1280 30.
1701 1238 1760 1271 lin.
1788 1247 1810 1269 ι.

166 1311 224 1342 scr.
249 1311 391 1344 XVIII.
415 1319 450 1345 et
473 1314 637 1355 dejnceps
658 1322 734 1354 pag.
751 1321 806 1354 33.
830 1314 932 1346 XIX.
956 1324 1032 1356 pag,
1057 1322 1109 1356 35.
1133 1315 1193 1346 lin.
1220 1326 1246 1346 1.
1270 1315 1350 1347 XX.
1373 1331 1417 1338 —
1439 1325 1519 1357 pag.
1544 1324 1593 1357 74.
1619 1316 1678 1347 lin.
1702 1324 1726 1347 1.
1750 1314 1808 1346 scr.

164 1389 281 1422 XXII.
302 1407 349 1414 -
371 1400 449 1432 pag.
473 1396 527 1433 83.
551 1392 611 1424 lin.
634 1401 667 1432 4.
698 1391 758 1423 scr.
783 1391 921 1424 XXIII.
954 1399 988 1425 et
1019 1403 1055 1434 p.
1078 1397 1130 1434 85.
1155 1394 1231 1433 (vbi
1255 1394 1340 1426 salso
1363 1401 1558 1427 numeratur
1579 1397 1658 1436 83.)
1682 1395 1740 1426 lin.
1765 1402 1808 1425 11.

165 1468 225 1500 scr.
248 1468 385 1502 XXIV.
405 1479 444 1500 ac
468 1479 499 1510 p.
521 1474 569 1509 87.
593 1469 654 1500 lin.
678 1477 710 1510 4.
733 1468 851 1502 XXV.
872 1476 947 1506 tum
969 1481 1005 1512 p.
1025 1480 1079 1515 99.
1101 1473 1161 1505 lin.
1185 1481 1215 1505 1.
1237 1472 1296 1506 scr.
1321 1471 1457 1506 XXVI.
1478 1489 1522 1501 --
1542 1483 1578 1513 p.
1601 1482 1673 1506 ⁵01.
1698 1473 1757 1504 lin.
1782 1482 1808 1503 1.

166 1557 250 1580 corr.
278 1545 429 1579 XXVII.
462 1554 497 1578 et
521 1546 562 1578 fic
586 1556 697 1588 porro.
726 1562 766 1570 —
800 1556 877 1588 pag.
903 1557 968 1589 119.
993 1549 1028 1580 in
1054 1556 1126 1581 not.
1148 1560 1178 1582 o.
1200 1549 1258 1581 lin.
1282 1549 1312 1581 6.
1335 1550 1411 1592 leg..
1437 1548 1515 1581 mihi
1535 1556 1571 1581 et
1593 1550 1652 1581 lin.
1677 1557 1722 1591 15.
1746 1548 1807 1581 He-

166 1625 335 1656 liodorum.
354 1640 397 1648 —
422 1633 497 1666 pag.
519 1632 589 1665 144.
614 1624 672 1654 lin-
697 1622 851 1664 suprema
876 1625 900 1657 1.
926 1625 981 1658 vot.
1009 1626 1067 1658 VI.
1088 1637 1124 1667 p.
1148 1631 1217 1666 804
1241 1643 1284 1650 —
1305 1597 1380 1666 δᾴς.
1404 1642 1446 1651 -
1471 1635 1547 1668 pag.
1575 1626 1643 1657 166.
1663 1626 1725 1658 sub
1749 1601 1804 1659 fip

160 1704 181 1734 1.
208 1702 337 1735 Aldina.
365 1719 411 1727 —
440 1712 519 1745 pag.
543 1703 611 1741 168.
636 1702 699 1734 lin.
722 1711 775 1743 33.
799 1703 821 1735 1.
845 1709 1019 1745 comparat.
1044 1713 1122 1746 pag.
1149 1694 1219 1745 184.
1243 1715 1290 1736 nr.
1315 1713 1344 1737 α.
1368 1705 1389 1736 ι’.
1414 1704 1546 1739 dubitat.
1569 1722 1610 1729 -
1634 1715 1709 1747 pag.
1731 1713 1805 1746 224.

164 1782 226 1814 nn.
249 1780 278 1812 6-
303 1782 360 1814 scr.
383 1782 603 1815 Bollandiani..
625 1798 668 1804 —
695 1791 770 1824 pag.
795 1781 866 1823 256.
891 1783 950 1815 lin.
974 1793 1021 1824 ¹4·
1045 1784 1068 1816 l.
1084 1782 1230 1826 scriptor.
1256 1788 1292 1816 et
1314 1783 1375 1815 lin.
1402 1793 1453 1825 25.
1477 1785 1499 1816 1.
1522 1782 1747 1827 aduersarium.
1763 1799 1805 1808 -

166 1869 242 1901 pag.
266 1863 343 1901 322.
368 1862 427 1893 lin.
454 1866 498 1897 ¹8.
523 1862 543 1893 1.
569 1860 751 1893 CPoIitana.
774 1879 820 1885 —
839 1872 916 1903 pag.
941 1870 1016 1903 320.
1041 1863 1073 1894 in
1096 1868 1166 1894 not.
1189 1863 1249 1894 lin.
1272 1861 1300 1894 6.
1324 1862 1344 1894 l.
1367 1862 1546 1895 adnotante.
1569 1880 1614 1888 -
1637 1869 1802 1904 pag 343.

164 1940 198 1970 in
224 1945 295 1971 not.
321 1939 414 1971 alter.
441 1941 627 1972 columnae·
652 1941 712 1972 lin.
737 1941 842 1989 3341.
866 1939 1013 1984 desibmta.
1037 1959 1079 1965 —
1103 1951 1178 1983 pag.
1204 1942 1276 1983 362.
1302 1943 1335 1973 in
1359 1948 1429 1974 not.
1453 1941 1490 1973 kk
1514 1942 1572 1973 lin.
1597 1950 1628 1975 2.
1652 1942 1676 1972 1.
1700 1949 1801 1982 quam·

161 2032 203 2041 —
228 2026 305 2058 pag.
337 2017 410 2058 368.
446 2018 503 2049 lin.
529 2029 557 2049 2.
581 2019 604 2050 1.
630 2019 716 2061 misit.
739 2035 782 2042 —
807 2029 881 2060 pag.
907 2028 976 2061 4¹7-
1009 2019 1041 2050 in
1067 2019 1222 2060 suprema
1247 2020 1306 2051 lin.
1333 2021 1420 2052 male
1447 2020 1593 2052 excusus
1619 2020 1665 2051 est
1687 2028 1799 2050 nume-

163 2105 220 2127 ms
239 2105 312 2135 517.
338 2112 379 2118 --
405 2104 482 2136 pag.
504 2105 581 2138 434.
606 2097 666 2128 lin.
690 2106 730 2138 9.v
748 2097 836 2138 post,
867 2097 1030 2139 quemdam
1055 2107 1154 2138 pone*
1171 2107 1315 2130 comma.
1338 2115 1380 2120 —
1405 2107 1482 2139 pag.
1507 2098 1582 2138 562.
1607 2099 1668 2129 lin.
1694 2107 1747 2128 20.
1777 2096 1798 2127 Γ,

160 2182 264 2214 graec.
289 2190 332 2196 —
355 2182 430 2214 pag.
460 2173 535 2213 566.
560 2174 618 2205 lin.
645 2182 694 2214 252
722 2175 742 2205 1.
768 2174 892 2208 diutius.
916 2192 959 2198 —
983 2175 1148 2216 Reliquas
1171 2176 1344 2217 plagulas,
1376 2176 1543 2217 quon-iam·
1567 2176 1717 2207 nondum
1743 2175 1796 2205 ha-

160 2251 235 2287 beo,
267 2253 319 2283 vel
351 2253 476 2283 leuiter
508 2252 754 2293 recognoscere·
779 2262 921 2293 nequeo.
967 2253 1033 2285 TV
1063 2264 1144 2284 vero
1175 2252 1212 2285 L.
1243 2253 1278 2283 B.
1309 2253 1364 2284 his
1396 2261 1430 2285 et
1460 2254 1603 2295 reliquis
1636 2253 1795 2292 peccatis,

165 2328 232 2361 flue
255 2340 279 2360 a.
298 2337 425 2362 memet
447 2330 532 2371 ipso,
566 2329 634 2361 fiue
658 2340 676 2360 a
701 2331 890 2370 typotheta
910 2329 1107 2368 commiffis,
1129 2331 1296 2362 beneuoxe
1321 2331 1485 2372 ignoscas.
1506 2332 1618 2363 velim.
