2109 2761
625 145 953 182 THEODORETI
980 145 1178 183 CODICES
1204 147 1348 184 MSSTI
1488 151 1563 187 Lib.
1576 151 1621 188 V.
1633 164 1656 188 c.
1670 152 1758 190 VII.
1810 161 1866 195 εει

110 244 347 281 cxcvm.‘et
360 242 513 279 CXCIX.
532 259 580 269 -
610 245 644 278 in
661 240 737 278 cod.
754 243 857 278 CCV.
875 241 1083 291 quaestiones
1103 245 1135 278 in
1150 242 1222 278 libr.
1238 242 1366 286 Mons,
1392 242 1526 287 Iosuae.
1555 246 1728 289 Iudicum.
1758 253 1863 292 Ruth,

109 298 245 345 Regum
262 295 505 344 etParalipom.
536 314 585 321 —
638 294 722 330 Ibid.
739 297 773 330 in
791 294 868 330 bibl.
879 294 1108 343 Augullinens
1129 297 1162 330 S.
1183 297 1264 330 Ioan
1280 295 1318 331 ad
1330 297 1476 334 Cat-bon.
1492 298 1568 336 cod.
1580 302 1618 336 X.
1647 301 1864 338 Coflestanea

108 346 267 384 Anailafii
283 349 437 388 Sinaitae,
466 345 586 387 Basilii,
622 348 811 382 metim-eti
826 357 885 381 etc.
911 366 963 372 —
989 347 1176 382 Florentiae
1191 349 1222 382 in
1242 348 1318 384 bibl.
1335 351 1489 389 Laurent.
1501 353 1627 388 Medic.
1647 354 1725 389 teste
1739 356 1864 390 Raudi-

108 403 162 436 m'o
178 403 212 435 in
227 409 287 438 cat,
311 398 410 435 codd.
434 413 483 448 gr.
500 409 561 434 etc.
586 398 661 434 cod.
680 402 797 435 XXIX.
821 410 844 433 ι.
861 398 943 447 plut.
968 410 994 443 ς.
1011 394 1206 448 Θεοδὶωρῖτε
1224 419 1270 425 —-
1288 403 1322 436 in
1346 399 1444 437 dubia
1465 404 1629 452 quaedam
1653 403 1770 442 selec‘la
1785 409 1817 442 S.
1834 410 1865 443 S.

108 450 163 489 sed
178 450 285 487 codex
304 450 422 487 desinit
439 450 629 488 infecunda
647 453 909 502 interrogatione
924 451 970 490 εἰς
986 451 1046 494 τήν
1060 451 1178 491 Ῥούθ’
1207 456 1307 491 (tom.
1328 456 1350 488 I.
1379 467 1412 502 p.
1433 458 1500 500 54.)
1529 477 1576 482 --
1607 460 1640 492 ju
1660 457 1735 494 cod„
1753 463 1793 495 v,
1810 474 1864 496 m·-

109 515 135 550 5.
150 504 234 553 plut.
248 507 281 539 6.
300 504 507 554 quaestiones
532 502 749 545 inGenelin,
779 505 875 539 initio
897 514 930 539 et
945 504 1012 539 tine
1027 503 1175 538 mutilae.
1198 502 1250 550 (1.
1267 518 1298 552 p.
1316 504 1415 553 102.)
1445 526 1486 533 ·—
1520 509 1742 557 Qaessioneg
1766 525 1863 561 quae-

71 583 75 585 >
108 555 187 592 dam
202 570 280 592 cum
296 556 358 593 suis
374 554 596 593 solutionibus
612 556 765 603 aduersus
779 556 932 597 ludaeos,
962 569 1048 605 quos
1072 558 1148 605 quia
1166 553 1283 591 desunt
1304 559 1338 592 in
1353 556 1434 594 edit.
1452 559 1647 603 sirmondi,
1675 564 1819 599 Bandin.
1836 566 1865 604 L

107 622 140 659 p.
157 620 214 643 110
229 606 299 659 sqq.
319 623 360 645 cx
380 609 442 644 illo
459 606 536 644 cod.
555 608 683 657 publici
701 610 777 644 iuris
797 604 885 643 fecit.
938 610 977 643 In
993 607 1071 644 eod.
1089 606 1166 644 cod.
1182 605 1277 652 sunt,
1307 615 1409 659 (quae
1423 612 1568 648 Bandin.
1583 624 1616 661 p.
1636 625 1687 648 112
1706 612 1775 663 sqq.
1792 628 1865 664 par·

107 665 170 698 tim
188 659 367 699 recensuit,
395 664 517 709 partim
531 660 683 709 vulgauit
698 673 835 710 graece,
863 670 938 701 aut,
967 659 1147 710 quomodo
1169 658 1325 696 differant
1337 663 1381 698 ab
1400 661 1516 706 editis,
1542 668 1655 712 paucis
1675 664 1866 709 iudicauit.)

106 727 156 750 nr.
175 725 218 750 ιι,
247 715 453 758 Τατοάυνεΐὶ,
481 709 539 758 (de
553 710 693 748 Bandini
708 713 936 754 comestura.)
965 713 1079 748 breues
1100 712 1320 749 institutiones
1337 717 1542 765 anagogicae
1565 719 1601 752 in
1615 716 1743 754 fiindlos
1759 721 1864 761 viros,

108 768 165 815 qui
182 776 257 801 ante
273 766 382 815 legem
399 765 601 800 claruerunt.
617 777 664 802 nr,
683 775 728 799 12.
749 764 910 800 institutio
924 765 1063 800 moralis
1082 762 1123 799 de
1138 768 1195 805 iis7
1224 778 1308 814 quae
1326 765 1369 802 ad
1382 765 1551 804 summum
1567 765 1771 806 sacerdotem
1790 784 1865 820 pes.

107 820 223 854 tinent.
249 831 299 853 nr.
321 829 354 862 ¹3
369 837 414 843 --
438 820 491 851 26.
512 816 717 864 quaestiones
744 819 778 850 in
803 816 1049 852 octateuchum
1072 830 1151 852 cum
1173 815 1409 853 solutionibus.
1442 838 1495 846 -—
1531 823 1569 856 In
1594 819 1670 857 cod.
1691 832 1725 857 at
1751 826 1867 860 minue

110 873 261 919 integro,
289 872 374 904 XIX.
391 868 475 917 plut.
493 869 524 905 6.
543 866 752 916 quaestiones
773 870 807 902 in
821 867 952 917 aliquot
971 869 1074 904 libros
1091 870 1289 905 Octateuchi
1312 873 1347 905 in
1366 873 1424 906 IV.
1444 872 1600 921 Regum,
1627 883 1660 909 et
1683 876 1725 910 11.
1743 875 1866 912 Parali-

106 935 199 970 pom.
214 921 382 956 adiunctis
404 918 578 954 nonnullis
595 919 739 955 aliorum
755 930 886 969 patrum
902 917 1107 970 fragmentis.
1122 924 1164 964 (I.
1181 934 1213 970 p.
1233 923 1290 964 136
1304 920 1393 972 sqq.)
1419 944 1473 952 --
1499 927 1540 960 In
1560 923 1640 961 cod.
1658 929 1699 961 V.
1717 926 1800 976 plut.
1820 933 1869 963 110'

106 971 271 1021 expositio
290 975 323 1007 in
342 969 499 1008 psalmos.
517 973 558 1017 (I.
575 985 607 1020 p.
628 970 722 1019 501.)
749 993 801 999 —
829 974 869 1008 In
884 972 964 1008 cod.
986 976 1078 1009 XIII.
1096 988 1144 1008 nr.
1165 985 1198 1016 13
1217 994 1269 1002 -
1286 986 1333 1010 21.
1349 975 1434 1024 plut.
1461 988 1511 1021 59.
1528 987 1682 1026 excerpta
1705 992 1746 1015 ex
1763 992 1864 1028 quae-

106 1023 266 1061 stionibus
284 1028 317 1060 in
333 1026 535 1065 Leuiticum,
564 1025 745 1064 Numeros,
773 1026 960 1060 Deuteron.
1012 1024 1156 1065 Iosumn,
1184 1024 1312 1061 Iudices
1329 1036 1362 1061 et
1379 1028 1483 1063 Ruth.
1501 1031 1560 1072 (ΙΙ.
1577 1040 1685 1076 p.·519
1701 1028 1786 1079 sqq.)
1809 1050 1865 1060 —

107 1079 145 1112 In
161 1076 238 1114 cod.
250 1078 351 1113 XXX.
371 1090 420 1111 nt.
433 1075 628 1123 5.leguntur
641 1075 848 1125 quaestiones
864 1077 989 1111 multae
1007 1089 1086 1111 cum
1097 1075 1379 1124 responsionibus,
1405 1077 1448 1114 ad
1466 1092 1515 1115 res
1533 1077 1636 1116 sacras
1645 1085 1861 1130 pertinentes,

104 1142 183 1179 quas
193 1130 337 1165 Bmm'in.
346 1130 388 1162 11.
397 1141 429 1176 p.
439 1138 514 1171 477.
524 1124 701 1176 suspicatur
709 1137 878 1176 excerptas
888 1125 951 1164 effe
960 1141 1000 1164 ex
1009 1126 1225 1164 Theodoreti
1235 1130 1456 1178 quaestionib.
1470 1133 1507 1167 in
1517 1133 1780 1170 pentateuchum
1797 1144 1860 1172 ete.

276 1206 319 1243 V
314 1208 424 1241 meliis
440 1208 472 1240 in
490 1203 566 1240 bibl.
581 1206 624 1241 D.
643 1206 753 1241 Marci
771 1207 841 1241 XV.
861 1206 1103 1254 Od'tateuchus',
1131 1220 1208 1243 cum
1219 1217 1337 1243 catena
1354 1205 1376 1243 s.
1400 1206 1604 1251 collectione
1625 1212 1864 1248 commentam·-

105 1271 205 1296 orum
220 1271 260 1293 ex
283 1257 479 1292 Theodoreto
492 1255 630 1306 aliisque
644 1257 803 1305 patribus}
820 1277 866 1283 —
885 1255 962 1293 cod.
979 1259 1068 1294 XVI.
1084 1269 1197 1295 catena
1220 1261 1254 1294 in
1269 1258 1374 1295 libros
1387 1260 1523 1310 Regum
1540 1275 1581 1306 ex
1602 1263 1759 1299 Theodor.
1777 1259 1862 1300 aliie·

104 1324 169 1361 que
184 1308 360 1359 congesta:
388 1318 460 1344 tum
474 1308 728 1358 Paralipomena
739 1336 746 1343 .
774 1308 929 1358 praefixis
944 1309 1160 1347 Theodoreti
1183 1310 1445 1361 quaestionibus.
1464 1333 1512 1339 --
1529 1309 1725 1351 cod.'XV11.
1742 1313 1863 1351 Psaite-

105 1365 193 1400 rium
208 1375 286 1398 cum
300 1359 500 1410 amplissima
522 1363 666 1410 margin.
687 1371 801 1397 catena
826 1374 867 1398 ex
889 1363 1086 1399 leeodorcto
1108 1363 1256 1413 aliisque.
1272 1383 1318 1391 ——
1335 1362 1437 1400 codd.
1451 1367 1538 1401 XIX.
1561 1375 1594 1401 et
1608 1368 1679 1402 XX.
1703 1368 1862 1403 Ἠιεοιίον.

103 1416 364 1452 commentarius
380 1410 578 1448 inPsalmos.
596 1427 627 1447 v.
643 1413 736 1448 catal.
753 1411 852 1452 codd,
865 1424 916 1465 gr.
931 1416 1038 1451 Marc.
1052 1429 1085 1464 p.
1105 1421 1142 1455 18
1159 1411 1232 1465 sqq-¹
1257 1435 1308 1442 —
1363 1414 1448 1453 Ibid.
1463 1412 1548 1453 inter
1562 1416 1664 1453 codd.
1676 1420 1860 1461 Nanimzos,

103 1471 139 1504 in
156 1465 234 1504 cod.
250 1468 349 1502 XXX.
375 1477 402 1509 3.
427 1465 544 1500 Themi.
569 1463 776 1514 quaestiones
801 1468 839 1501 in
853 1465 1018 1512 Genesin3
1042 1465 1098 1503 sed
1118 1468 1223 1503 multa
1237 1465 1367 1505 desunt.
1385 1488 1432 1495 —
1451 1472 1485 1504 in
1506 1467 1584 1505 cod.
1599 1472 1718 1506 XXVI.
1731 1484 1861 1506 comm.

104 1512 145 1557 in
155 1519 422 1561 octateuchum,
446 1518 571 1567 Rege8‚
599 1515 800 1565 Paralipom.
853 1517 1044 1560 Danielem,
1071 1518 1214 1560 Ioelem,
1243 1518 1397 1561 Abdiam,
1422 1521 1532 1556 Mich.
1550 1522 1698 1564 Nahum,
1722 1523 1861 1571 Sopho-

104 1576 194 1609 niam
214 1582 246 1608 et
271 1572 482 1619 Haggaeum.
495 1587 547 1596 ·-
562 1571 598 1604 in
611 1567 684 1605 cod.
702 1569 873 1605 XXXVII.
891 1582 919 1604 2.
942 1570 1097 1606 Tlnoilma
1113 1573 1353 1619 interpretatio·
1361 1569 1519 1608 Psalmor.
1536 1586 1566 1607 v.
1582 1574 1674 1610 catal.
1688 1571 1789 1609 codd.
1806 1587 1860 1624 gr.

103 1627 246 1663 Nanian.
262 1637 293 1672 p.
309 1633 361 1666 39.
378 1633 427 1664 32.
441 1631 473 1656 et
489 1623 545 1664 46.
562 1639 612 1647 —
630 1622 782 1657 Matinae
796 1624 832 1657 in
846 1622 924 1658 bibl.
939 1620 1180 1671 archiepiscopi
1190 1624 1396 1659 Graecorum
1406 1650 1417 1664 ,
1452 1624 1642 1660 Theodoreti
1656 1627 1859 1676 προθεωςίοε

104 1682 140 1714 in
155 1675 320 1715 Psalmos‚
348 1682 380 1708 et
398 1673 604 1723 quaestiones
623 1671 691 1708 fiue
708 1670 832 1723 ἄποροι
850 1676 881 1709 S.
899 1676 930 1709 S.
947 1674 1148 1720 (Montfizuc.
1163 1677 1199 1709 in
1214 1671 1322 1710 dian'o
1338 1675 1406 1710 ital.
1422 1688 1497 1725 pag.
1511 1676 1584 1720 46.)
1600 1696 1650 1704 -
1670 1679 1808 1713 Taurini
1824 1681 1861 1714 in

104 1730 186 1767 bibl.
205 1729 294 1778 regia
308 1723 385 1760 cod.
403 1727 480 1760 Cv-
497 1726 651 1761 Theodor.
666 1728 886 1774 prooemium
901 1735 934 1762 et
947 1739 1072 1762 comm.
1088 1729 1124 1761 in
1134 1723 1291 1762 Psalmos.
1306 1740 1336 1762 v.
1355 1737 1415 1762 cat.
1430 1725 1532 1762 codd.
1551 1741 1602 1777 gr.
1619 1741 1650 1777 p.
1671 1740 1734 1771 213.
1745 1731 1861 1766 Paris.

106 1788 139 1819 in
152 1781 232 1816 bibl.
258 1777 410 1827 publica,
444 1773 632 1826 fragmenta
652 1780 927 1814 commentarios.
950 1780 986 1813 in
1002 1782 1043 1813 V.
1063 1779 1109 1814 T.
1125 1775 1226 1813 codd.
1244 1781 1283 1813 V.
1301 1780 1489 1814 CXXVIII.
1507 1780 1688 1816 CXXXIII.
1707 1783 1861 1817 CXLIII.

104 1845 137 1871 et
149 1833 299 1870 CXLVI.
325 1849 379 1857 —
429 1831 623 1865 Comment.
647 1831 683 1865 in
703 1826 868 1872 psalmos,
902 1832 939 1866 in
962 1827 1062 1866 codd.
1080 1830 1332 1867 DCCCXLIII.
1357 1839 1390 1866 et
1415 1828 1547 1867 duobus
1568 1829 1638 1882 sqq.
1658 1842 1758 1884 atque
1780 1831 1860 1869 cod.

104 1888 201 1925 ΜΠ.
227 1903 279 1913 -—-
333 1884 375 1918 In
387 1879 488 1917 codd.
505 1881 714 1918 Cbt'slinianis
729 1880 860 1926 (omiss‘a
875 1895 1015 1924 eorum,
1049 1894 1198 1932 quotum
1220 1884 1287 1917 iam
1301 1880 1400 1931 supra
1421 1886 1657 1927 meminimus,
1698 1884 1797 1921 codd.
1813 1894 1860 1920 at·

104 1952 170 1990 que
185 1947 386 1975 catenarum,
410 1947 494 1983 quae
506 1933 614 1983 plures
629 1930 704 1969 sunt
720 1936 755 1969 in
771 1934 850 1970 bibl.
865 1933 974 1971 Cois-1.
990 1931 1171 1970 secundum
1194 1934 1380 1980 Montsauc.
1398 1939 1757 1978 commemoratione.)
1780 1935 1860 1973 cod.

104 1992 222 2029 CCLI.
241 1988 396 2024 Theodoe.
414 1984 669 2034 inscriptumm3
696 1989 954 2034 praemittuntur
964 1984 1090 2022 indices
1100 1985 1281 2035 quaestion.
1299 1996 1330 2022 et
1346 1997 1530 2022 comment.
1547 1991 1581 2023 in
1598 1987 1703 2025 libros
1719 1992 1775 2025 IV.
1794 1991 1860 2024 Re·

105 2057 206 2095 gum.
235 2055 297 2076 nec
320 2052 392 2074 non
417 2041 451 2073 in
475 2037 578 2074 libros
601 2039 645 2074 11.
671 2037 962 2087 Paralipomenon.
988 2043 1037 2086 (p.
1053 2039 1142 2082 303.)
1158 2040 1258 2073 -in
1273 2036 1351 2074 cod.
1369 2040 1519 2075 ccclx.
1543 2043 1632 2074 varia
1649 2051 1801 2088 excerpta
1822 2044 1860 2077 in

105 2092 264 2133 Anastasii
281 2094 424 2128 Sinaitae
443 2089 603 2125 monachi
623 2087 893 2139 responsionibus
907 2089 948 2126 ad
970 2090 1177 2139 quaestiones
1202 2088 1481 2126 orthodoxorum
1507 2089 1549 2126 de
1572 2094 1666 2126 variis
1689 2093 1858 2140 capitibus,

105 2152 152 2198 (p,
167 2147 256 2193 305.)
282 2164 334 2171 —
355 2146 391 2178 in
415 2140 492 2178 cod.
508 2142 643 2178 CCCV.
669 2144 727 2190 qui
751 2144 902 2178 continet
917 2143 1057 2191 Georgii
1077 2143 1284 2184 chronicon,
1310 2139 1386 2178 sunt
1402 2139 1462 2178 fol.
1485 2153 1540 2187 94.
1561 2155 1602 2178 ex
1628 2142 1858 2180 Theodoreto

0 2203 3 2205 ’
106 2197 269 2251 quaedam
284 2194 325 2232 de
341 2194 545 2233 Roboamo.
573 2201 606 2227 et
619 2189 680 2228 fol.
700 2205 760 2238 ης.
776 2208 813 2228 ac
831 2196 897 2229 260
914 2191 982 2243 sqq.
999 2195 1063 2230 alia
1078 2194 1184 2242 plura.
1202 2194 1249 2242 (p.
1262 2204 1328 2236 420
1345 2192 1432 2244 sqq.)
1449 2213 1499 2220 -—·
1515 2197 1550 2229 in
1567 2193 1642 2230 cod.
1652 2197 1740 2231 XVI.
1758 2209 1859 2245 quae-

57 2228 76 2261 l*
108 2254 230 2289 stiones
243 2253 279 2286 in
292 2251 335 2284 V.
350 2248 397 2282 T.
413 2256 444 2282 et
464 2243 692 2295 responsiones
709 2258 749 2281 ex
776 2247 972 2282 Theodoreto
991 2247 1129 2295 aliisque
1145 2266 1195 2272 -
1212 2249 1247 2281 in
1267 2243 1366 2282 codd.
1385 2247 1513 2281 LXXX.
1539 2255 1571 2281 et
1588 2247 1734 2287 LXXXI.
1761 2249 1860 2284 Theo-

106 2306 176 2342 dor.
194 2315 319 2339 comm.
344 2303 378 2335 in
400 2296 547 2334 Psalmos
570 2309 647 2332 cum
669 2295 802 2333 scholiis
823 2302 966 2348 margin.
988 2298 1134 2333 aliorum
1156 2298 1204 2346 (p.
1226 2300 1313 2340 137.)
1327 2317 1379 2323 —
1394 2300 1428 2332 in
1452 2296 1553 2335 codd.
1567 2300 1804 2336 CLXXXVII.
1827 2309 1860 2335 et

107 2356 316 2394 CLXXXIX.
333 2348 524 2387 psalterium
538 2361 616 2386 cum
633 2359 815 2386 comment.
830 2347 1032 2400 scholiisque
1056 2351 1247 2386 Theodoram
1265 2349 1476 2400 aliorumque
1491 2353 1540 2401 (p.
1557 2353 1650 2394 244.)

151 2440 224 2474 νοι.
241 2437 338 2473 Vm.
1128 2427 1162 2464 N
1181 2440 1204 2464 n
1738 2430 1861 2468 deo.
