2109 2761
131 128 458 179 VkaH-v--u‘ff-ssg
859 128 1057 167 LEONTII
1087 129 1176 165 ALII
1523 128 1788 169 Lib.V.c.VJ[.
1845 139 1899 175 325

138 236 210 267 non
228 231 333 277 magis
347 236 474 264 certum
491 224 547 267 ess,
577 238 676 275 quani
693 223 786 276 quod
801 228 941 262 Vinetus
959 225 1014 272 [if]
1032 223 1072 260 ad
1090 222 1264 274 epistolam
1279 224 1368 260 XIX.
1398 222 1550 263 Ausonii,
1582 238 1708 262 nomen
1729 229 1898 276 integrum

137 284 279 322 Paulini,
297 280 337 316 ad
354 293 455 330 quein
472 277 638 315 Ausonius
653 276 775 322 scribit,
801 288 896 328 putat
911 276 1009 315 fuisse
1024 279 1181 314 Pontium
1198 278 1374 313 Paulinum
1390 278 1572 315 Leontium.
1629 278 1672 325 [ν.
1688 277 1801 328 supra,
1829 277 1898 316 vol.

137 337 194 371 lv.
222 348 254 384 p.
274 332 345 379 97.]

305 429 478 467 Leontius,
508 428 734 475 Byzantinus,
764 423 1030 475 origenistarum
1050 421 1162 461 fautor
1175 427 1259 462 circa
1281 440 1309 462 a.
1324 425 1364 462 C.
1383 437 1459 471 540.
1476 423 1518 461 de
1537 439 1606 475 quo
1627 422 1791 470 Cyrillus,
1816 424 1896 470 Scy-

136 479 381 529 thopolitanm,
408 482 440 513 in
457 482 520 514 vira
537 480 637 514 Sabae
654 493 703 528 ap.
723 477 871 514 Coteler.
896 488 981 514 tom.
998 479 1055 513 111.
1080 489 1291 514 monument.
1314 488 1346 512 et
1362 480 1500 514 Simeon
1517 477 1756 527 Metaphrasses
1777 479 1812 512 in
1831 479 1897 511 vita

127 535 283 580 'Cyn-iaci,
309 532 539 574 anachoretae,
565 534 597 566 in
620 542 718 566 tomo
738 530 927 566 Analec‘lor.
955 543 1056 580 quein
1073 544 1101 565 a.
1123 533 1215 575 1692.
1231 528 1368 566 edidere
1390 531 1553 567 monachi
1572 529 1790 567 Benedidlini.
1844 530 1898 565 De

135 586 208 623 aliis
224 583 357 621 duobus
376 585 565 629 Byzantinis
581 586 730 619 Leontiis
745 580 840 633 supra
858 580 999 619 dietum.

302 680 477 719 Leontius,
505 677 730 728 Caesaremists,
759 680 794 713 in
809 674 1024 726 Cappadocia
1039 675 1224 728 episcopus,
1252 681 1310 729 qui
1325 677 1489 719 conciliis,
1509 680 1703 725 Ancyrano,
1724 687 1752 710 a.
1771 674 1810 709 C.
1825 683 1896 716 314.

134 729 409 769 Neocaesareenfl
432 744 459 765 a.
478 742 541 775 315.
568 741 599 765 et
614 731 764 766 Nic-aeno
788 744 813 765 a.
834 741 902 775 325.
920 727 1081 766 interfuit.
1134 733 1246 780 Atque
1261 729 1410 766 adhunc
1433 727 1606 766 referenda
1629 728 1808 776 disputatio
1825 738 1896 760 ccm-

135 792 189 821 tra
204 783 424 830 phihfiqffmm
446 782 628 822 Arianum,
655 796 755 831 quam
771 785 805 818 in
822 782 901 817 bibl.
919 781 1177 819 vindobonensi
1193 785 1267 819 MS.
1284 783 1394 818 baben·
1415 781 1540 832 scripsit
1557 794 1597 818 ex
1615 778 1794 817 Polseuino
1814 777 1897 812 Lab-

135 837 224 872 beuS.
279 836 333 871 Est
350 845 460 870 autem
477 835 564 870 nihil
579 832 684 875 aliud,
713 847 814 883 quain
831 833 926 869 locus
942 847 982 870 ex
999 833 1121 871 Gelaiii
1139 837 1301 881 Cyziceni
1321 836 1410 871 Acslis
1427 835 1576 870 Concilii
1594 834 1745 872 Nicaeni,
1776 833 1808 864 in
1825 839 1896 877 quo

134 891 268 926 Leontii
291 901 368 923 cum
387 883 593 934 philosopho
612 889 879 922 concertationes
898 883 1098 925 referuntur.
1153 886 1240 923 Vide
1255 887 1383 936 Nfflii
1401 886 1604 936 Cataloguin
1621 887 1694 921 MS.
1720 882 1798 918 bibl.
1813 884 1896 916 Vin-

133 939 211 976 dob.
238 949 327 987 parte
344 940 385 973 V.
409 949 485 986 pag.
505 939 575 981 176.
631 938 813 974 Leontium
835 939 928 974 hunc
945 941 1030 975 inter
1044 952 1122 980 eos,
1151 953 1300 989 quorum
1322 939 1443 988 scripta
1464 939 1548 974 nihil
1565 937 1702 987 suspecti
1717 937 1897 981 minusque

132 990 250 1026 finces-i
275 992 471 1031 continent,
498 987 614 1025 laudat
635 991 666 1025 S.
692 987 887 1027 Athanafius
907 988 1008 1038 λόγω
1030 994 1053 1026 Ι.
1079 1001 1197 1027 contra
1220 993 1377 1028 Arianos.
1431 992 1528 1027 Plura
1553 990 1594 1025 de
1620 989 1681 1026 illo
1702 986 1896 1026 Bollandus,

131 1056 176 1088 13.
202 1046 342 1079 Ianuarii
368 1055 441 1090 pag.
464 1048 532 1084 781.
558 1040 621 1091 seq.
645 1053 727 1077 toni.
750 1045 774 1077 Ι.
800 1054 832 1078 et
852 1033 1000 1089 Pqffinu}
1022 1042 1064 1077 ad
1088 1045 1118 1078 S.
1142 1042 1210 1078 Nili
1234 1043 1463 1078 laudationem
1487 1042 1618 1078 Albiani
1644 1053 1718 1089 pag.
1744 1040 1814 1077 186.
1831 1035 1896 1084 seq·

132 1095 334 1146 Cbmbeszfins
348 1093 388 1128 ad
408 1093 690 1191 A¹¹J¹Phl¹⁰⁰¹¹³u¹¹¹
705 1107 737 1142 p.
752 1096 827 1129 266.
883 1093 971 1130 Vide
994 1104 1026 1130 et
1039 1096 1240 1131 Lumbi-cium
1259 1098 1349 1132 VIII.
1373 1107 1405 1144 p.
1423 1105 1489 1138 371-
1526 1092 1618 1142 [cod.
1634 1094 1720 1130 LVI.
1740 1104 1790 1127 nr.
1807 1100 1835 1124 2.
1860 1099 1897 1138 p-

132 1159 224 1191 1027.
249 1146 300 1182 ed.
327 1145 454 1182 Kollar.

300 1226 471 1261 Domitius
498 1225 678 1264 Leontius,
708 1224 766 1273 qui
791 1237 870 1260 cum
893 1222 1048 1260 Sallustio
1078 1225 1189 1273 consul
1218 1222 1284 1261 fuit
1310 1239 1339 1260 a.
1364 1226 1404 1261 C.
1427 1236 1501 1270 344.

298 1303 472 1342 Leontius,
502 1299 542 1335 ad
562 1314 664 1350 quem
684 1300 844 1342 Iulianus.
875 1304 968 1350 imp„
997 1301 1089 1351 epist.
1105 1305 1212 1339 XXII.
1231 1316 1314 1338 num
1332 1306 1369 1345 is,
1399 1305 1455 1352 qui
1473 1298 1666 1338 Consularis
1683 1295 1894 1335 Palaestinae,

130 1356 316 1444 5352030}
329 1352 467 1454 ἒγζὸὲἀ
485 1366 589 1403 quem
603 1353 734 1389 Libanii
751 1353 931 1403 epistolae?
961 1353 1037 1390 vide
1052 1357 1118 1391 Iac.
1134 1352 1443 1406 Gothofredum‘in
1457 1352 1752 1405 prosopographia
1769 1347 1895 1386 codicis

300 1486 483 1524 Leontius,
514 1495 629 1519 comes
650 1486 807 1525 orientis,
837 1497 864 1522 a,
887 1485 926 1520 C.
949 1495 1024 1529 349.

297 1564 477 1602 Leontius,
505 1562 625 1605 Cycizi
659 1557 845 1609 praefedlus
866 1559 924 1596 sub
944 1560 1184 1603 Diocletiano,
1220 1560 1244 1597 si
1267 1560 1351 1598 fides
1373 1563 1466 1598 Ac'iis
1488 1563 1544 1597 SS.
1570 1557 1746 1596 Philetaeri
1771 1564 1802 1591 et
1826 1555 1896 1590 Eu·

130 1616 215 1652 bioti
245 1612 332 1663 apud
354 1614 621 1664 Papebroehiuni
645 1625 693 1658 19.
716 1615 803 1650 Maii
827 1623 912 1650 tom.
933 1615 993 1651 IV.
1045 1611 1168 1659 [Conf.
1189 1615 1337 1650 Lambec.
1368 1627 1497 1651 comm.
1518 1614 1611 1649 VIII.
1639 1623 1718 1661 pag.
1745 1619 1822 1653 430.
1846 1603 1893 1657 sq·

131 1678 163 1704 et
189 1668 277 1713 433]

298 1745 469 1790 Leontius,
498 1743 513 1782 ὁ
533 1739 788 1793 Δοιβςοιγοῖζε,
816 1741 905 1792 apud
924 1744 1102 1794 Agathiam
1119 1745 1178 1779 IV.
1198 1713 1319 1794 pj127.

297 1822 470 1863 Leontius,
496 1820 820 1871 quiEuchologium
839 1823 1048 1858 Graecorum
1064 1820 1241 1865 recensuit,
1267 1820 1309 1858 de
1325 1833 1395 1872 quo
1415 1819 1566 1859 Allatius
1580 1830 1657 1868 pag.
1677 1828 1726 1863 19.
1741 1812 1783 1851 de
1800 1812 1897 1850 libris

130 1870 243 1913 eccles,
272 1876 492 1912 Graecomm.

297 1953 460 1987 Leontius
487 1950 686 1990 Eustratius,
714 1953 861 2000 Cyprius
872 1931 887 1991 ,K
911 1964 929 1985 a
953 1963 1022 2000 quo
1040 1949 1326 1998 Chrysostonnnn·
1350 1959 1469 1986 contra
1486 1946 1627 1985 Iudaeos
1649 1959 1690 1983 ex
1705 1946 1811 1995 patria
1823 1944 1894 1982 Au*

128 2002 258 2053 gustam
276 2002 412 2039 Vindel.
431 2003 569 2039 allatuin
585 2001 746 2053 accepisse
761 2003 793 2040 se
812 2003 945 2039 testatus
963 2001 1026 2038 suit
1041 2002 1156 2039 Dauid
1170 2001 1405 2040 Hoeschelius.

299 2083 481 2121 Leontius,
508 2080 632 2117 latinus
646 2081 798 2129 firiptor
801 2081 1013 2127 fabularum,
1039 2084 1135 2117 cuius
1152 2083 1306 2117 meminit
1320 2082 1374 2118 10.
1387 2075 1578 2115 Alexander
1591 2073 1808 2115 Brafficanus,
1830 2073 1894 2107 11⁰³

130 2137 171 2179 tis
185 2132 226 2169 ad
243 2136 438 2169 Petronium
453 2148 484 2183 p.
501 2144 572 2178 572.
585 2132 742 2169 editionis
752 2135 841 2169 Petri
854 2135 1056 2169 Burmanni:
1082 2128 1193 2169 Asai-'ti
1204 2130 1483 2182 grammsacrum
1497 2130 1584 2178 quod
1599 2141 1641 2164 ex
1649 2129 1786 2162 humano
1803 2135 1895 2159 cruo-

130 2200 165 2222 re
182 2191 387 2232 proci-retur.
444 2186 594 2220 Meminit
610 2191 641 2220 et
658 2186 703 2221 L.
715 2184 879 2232 Apuleius
898 2187 936 2221 de
951 2187 1074 2226 herbis,
1101 2193 1131 2221 et
1146 2187 1318 2222 Leontius,
1333 2182 1609 2232 mytnographm,
1636 2177 1753 2213 αιιέῗον
1766 2177 1895 2210 minime

130 2241 246 2279 malm,
261 2239 485 2286 Jicffcriorihns
502 2235 559 2281 [Ἠ
575 2238 671 2271 annis
685 2250 706 2271 a
720 2239 811 2272 nobis·
825 2244 953 2272 temtum
970 2250 1034 2271 non
1050 2240 1088 2271 ab
1105 2236 1220 2281 inferis
1235 2237 1418 2279 excitatus,
1443 2240 1474 2268 et
1488 2232 1659 2280 aliquando
1675 2242 1743 2264 cnm
1755 2226 1897 2274 philola-

127 2294 183 2339 gis
200 2292 487 2325 mmm-imitandus.
514 2286 675 2323 Gesnerus
691 2291 726 2323 in
742 2288 962 2324 bibl.Le0ntii
975 2290 1136 2324 cuiusdam
1155 2289 1281 2327 librum,
1310 2288 1341 2320 in
1356 2298 1418 2334 quo
1433 2287 1556 2333 aliquot
1561 2283 1697 2331 fabulae
1711 2282 1893 2316 Poetarum

131 2351 348 2385 enarrantur,
379 2341 525 2390 exstare,
556 2341 665 2376 videor
679 2341 756 2377 mihi
770 2342 883 2376 alicubi
899 2339 1018 2390 legtffi.
1075 2338 1217 2380 Nescio,
1250 2337 1345 2374 idem
1362 2351 1405 2374 ne
1421 2336 1461 2374 sit
1474 2338 1633 2374 Leontius
1647 2334 1892 2384 grammaticus,

1056 2398 1062 2401 ’
1122 2393 1154 2427 ‘S
1169 2404 1182 2425 s
1211 2401 1233 2435 3
1633 2401 1640 2404 ·
1758 2395 1890 2432 cogno—
