2109 2761
130 111 196 138 vot.
212 111 276 138 VH.
293 120 320 147 p.
337 116 394 144 ⁴30

823 111 1186 148 THEODORETVS

1486 115 1558 150 Lib.
1579 114 1622 151 V.
1639 127 1662 149 c.
1679 114 1766 151 VII.
1817 125 1883 158 ²7¹¹!

297 207 479 256 Epiphanii
506 207 621 242 librum
643 207 680 241 de
701 206 852 242 hebraicis
880 208 1058 242 nominibus
1077 210 1155 242 citat
1175 209 1290 243 Scotus·
1303 209 1450 256 Erigena
1472 208 1560 244 libro
1585 212 1626 245 V.
1653 208 1694 244 dc
1719 208 1884 245 diuisione

127 269 265 298 naturae
280 273 355 309 pag.
386 271 457 305 225.
484 260 585 297 Fabr.

639 261 676 294 ln
693 257 770 294 cod.
794 259 873 294 bibl.
894 257 987 307 publ.
1001 259 1112 304 Paris.
1129 261 1323 296 MDCLVI.
1351 272 1397 296 12.
1422 261 1603 307 Epiphanii
1627 260 1782 301 lexicon,
1812 275 1882 310 quo

127 312 399 351 voce-lhebraiea
419 312 586 347 librorum
609 309 778 346 sacrorum
800 311 1026 359 explicantur,
1062 308 1203 357 superest
1230 322 1358 348 tantum
1377 313 1483 348 littera
1511 312 1558 349 A.
1575 325 1639 359 nec
1662 312 1719 347 illa
1742 315 1882 360 integra,

125 361 265 413 Insuper
273 364 469 411 ,Epiphanii‚
496 364 583 412 quod
584 362 708 409 septem
723 375 818 409 opera
824 362 908 409 fecit
924 364 1001 398 deus
1014 362 1064 397 die
1080 364 1356 406 adnuntiationis,
1383 358 1597 415 excerptum,
1619 368 1654 402 in
1668 362 1746 404 cod.
1761 359 1883 400 Medic-

125 417 164 453 1..
182 428 225 453 ιι.
241 417 325 466 plut.
343 428 392 462 57.
410 414 488 451 teste
506 416 651 451 Bandin.
669 426 730 452 cat.
752 418 796 451 11.
809 428 842 464 p.
861 426 932 459 433.
958 415 1059 452 Harl.

293 523 368 557 vn.
395 519 470 555 Post
493 522 721 569 Epiphanium
745 518 787 555 de
804 519 893 560 aliis,
921 521 978 568 qui
995 521 1254 554 Haereticorum
1280 517 1451 555 historiam
1474 516 1700 561 tradiderunt,
1729 516 1885 557 differcre

125 586 197 611 non
213 576 273 609 erit
289 572 329 608 ab
346 571 494 608 instituto
518 584 596 607 mco
612 571 769 608 alienum.

823 574 874 611 Ac
900 570 941 606 de
957 573 990 606 S.
1006 572 1197 606 IRENAEI
1213 569 1350 619 quidem
1373 571 1466 606 libris
1480 573 1521 606 V.
1541 570 1693 607 aduersus
1710 570 1882 615 Haereses,

124 639 274 677 quorum
287 624 389 661 latina
409 623 515 659 versio
532 622 770 659 tantummodo
794 637 872 659 cum
888 626 1000 672 paucis
1020 625 1146 673 graecis
1164 619 1360 672 fragmentis
1383 621 1543 671 superest,
1572 637 1633 658 nec
1653 637 1724 659 non
1745 621 1786 658 de
1808 622 1882 659 scri·

123 681 188 728 ptis
205 676 340 728 perditis
355 676 473 723 Jigslim'
487 677 666 725 Martyris,
695 676 872 723 Hippolyti
882 674 1089 715 Por-tuenfis'‚
1119 676 1278 722 Origcuis
1293 675 1473 723 etDidymi
1488 675 1585 711 Alex.
1600 673 1753 711 aduersus
1769 677 1882 711 haere-

122 729 169 768 ses
186 733 252 765 iam
262 727 330 765 dixi
351 726 444 777 supra
460 742 489 764 c.
507 729 662 764 1.vol.V.
679 728 764 776 [vol.
776 729 933 764 VILhui.
947 726 1039 773 edin]
1070 729 1121 762 Ex
1140 726 1203 762 illis
1221 739 1314 766 vero,
1343 730 1400 776 qui
1416 726 1554 769 exstant,
1582 730 1882 764 etl-laereticorum

122 783 180 832 plu
187 785 273 818 rium
285 783 438 817 notitiam
447 793 565 830 graece
573 779 689 830 paullo
700 777 803 816 fufius
814 778 1032 821 tradiderunt,
1050 776 1292 828 antiquissimus
1301 778 1377 829 post
1384 781 1446 829 Epi
1451 780 1613 828 phanium
1622 779 1781 816 dicendus
1792 783 1883 816 venit

291 884 655 920 THEODORETVS
669 881 742 932 Μ),
772 882 841 919 siue
857 879 973 922 Θεοὸὤ
993 899 1085 928 nnc,
1111 885 1144 919 h.
1161 897 1190 919 e.
1206 897 1226 918 a
1247 884 1321 920 Deo
1343 881 1501 924 donanis,
1529 882 1591 919 illo
1621 887 1712 920 enim
1742 887 1884 921 nomine

122 949 201 974 eum
214 935 395 986 adpeuauit
408 944 534 977 mater,
562 933 657 986 quod
680 934 757 985 post
779 935 890 972 sterile
910 947 958 974 tre
984 939 1071 972 ecim
1094 949 1264 973 annorum
1287 938 1487 985 coniugium
1499 935 1653 985 precibus
1678 950 1758 974 eum
1771 952 1788 973 a
1803 939 1881 974 Deo

165 1091 223 1133 00)
245 1095 290 1123 De
304 1090 504 1123 Theodoreti
530 1093 594 1122 vita
617 1089 767 1122 videndus
788 1093 854 1134 post
869 1091 975 1122 Vffio-

121 1137 224 1167 riuum
240 1134 414 1172 Sn-igclium
431 1144 460 1165 et
475 1134 638 1165 Annalium
654 1135 817 1177 scriptores
832 1136 974 1167 Sirmon-

121 1179 180 1210 dus
205 1181 235 1208 in
254 1177 427 1220 prolegom.
445 1188 475 1208 ct
493 1190 566 1208 tom.
586 1181 624 1209 11.
643 1180 727 1220 Opp.
743 1189 811 1220 pag.
829 1184 891 1215 638.
911 1179 971 1219 seq.

119 1223 167 1256 Io.
186 1221 366 1253 Gar-nerins
387 1223 418 1250 in
443 1222 579 1251 auctario
601 1223 741 1262 Operum
763 1221 973 1256 Theodorou,

120 1274 152 1297 et
179 1265 389 1296 wicmannus
411 1265 586 1294 memor-iar.
616 1263 772 1294 ecclefiast.
799 1272 884 1294 tomo
907 1266 973 1294 XV.

119 1306 316 1340 Consulenda
340 1309 432 1337 etiam
462 1308 536 1338 Acin
566 1306 772 1343 synodorum,
796 1309 972 1349 Ephesmae,

120 1350 375 1383 chalcedonensis
412 1360 441 1381 et
480 1352 606 1392 quintae
645 1350 837 1381 CPolitanae.
879 1351 972 1383 Fabr.

119 1397 241 1427 Praeter
257 1404 291 1423 ea
308 1392 445 1423 conferri
468 1393 591 1435 possunt
607 1393 645 1425 G.
662 1394 744 1425 Caue
761 1396 828 1424 hist.
847 1394 906 1424 litt.
924 1396 971 1424 SS.

119 1439 193 1470 eccl.
215 1447 288 1469 tom.
307 1440 330 1467 1.
352 1447 420 1478 pag.
436 1445 504 1474 405.
519 1436 557 1468 L.
574 1436 624 1467 El.
642 1437 682 1467 du
698 1437 759 1468 Pin
780 1449 874 1468 nonv.
895 1437 970 1467 bibl.

119 1491 177 1514 etc.
201 1491 275 1512 tom.
291 1483 386 1523 1v.·p.
406 1486 446 1513 81-
470 1498 510 1502 —-
557 1479 589 1512 C.
612 1480 722 1512 Oudin.
740 1493 852 1511 comm.
870 1480 908 1510 de
925 1481 971 1510 SS.

119 1530 152 1560 Ε.
168 1536 243 1557 tom.
259 1529 281 1555 Ι.
310 1536 338 1565 p.
359 1533 433 1560 ¹05¹·
458 1541 499 1547 —
545 1522 643 1554 Natlz.
669 1524 845 1555 Lar-ducr's
868 1523 974 1555 Credi-

118 1570 208 1606 bility
234 1568 273 1599 of
291 1569 341 1598 the
365 1566 476 1608 Gospel
502 1567 645 1603 Histoi-y,
677 1577 754 1609 part.
774 1571 812 1598 11.
837 1567 900 1598 vol.
922 1569 972 1597 Xl.

120 1625 191 1657 pag.
201 1623 250 1652 79.
266 1629 307 1635 —
323 1610 361 1642 R.
372 1610 482 1642 Ceiller
492 1611 566 1641 Hist.
577 1621 645 1647 gen.
659 1611 711 1640 des
721 1615 755 1642 A.
765 1615 800 1642 A.
812 1610 885 1642 eccl.
897 1620 972 1640 tom.

121 1660 204 1690 XIV.
222 1666 290 1698 pag.
307 1665 349 1691 32.
369 1671 411 1677 —
437 1653 541 1685 Hamb
558 1663 635 1695 rger
649 1657 678 1684 L
694 1657 734 1685 N.
753 1658 789 1685 11.
805 1666 832 1696 p.
847 1660 898 1691 184
911 1654 973 1695 sqq.

121 1694 260 1741 aliosque
276 1697 378 1728 laudat
395 1697 518 1729 Saxius
536 1699 567 1727 in
587 1699 702 1729 Ononi.
722 1701 743 1728 1.
761 1709 790 1739 p.
809 1704 866 1735 489
883 1697 924 1739 sq.
944 1706 973 1727 ct

120 1754 198 1787 qnae
220 1742 320 1784 scripsi
343 1742 375 1770 in
398 1740 514 1771 Iun-od.
530 1743 569 1771 11.
589 1753 616 1771 2.
634 1753 664 1783 p.
682 1748 732 1778 285
749 1751 807 1771 etc.
831 1758 873 1764 --
918 1743 973 1771 Vi-

121 1797 194 1823 tam,
217 1785 450 1821 controuerfiffi,
476 1795 544 1814 cum
570 1783 684 1820 cyrillo
710 1785 913 1826 potissimum,
939 1794 972 1814 :tc

123 1839 223 1862 motus
245 1829 310 1871 post
327 1837 456 1858 mortem
473 1829 536 1858 eins
554 1835 651 1865 ortos,
676 1827 848 1870 scriptaque
863 1828 972 1858 Theo.

122 1874 223 1904 doreti
247 1873 371 1902 vberius
394 1871 592 1913 persequutus
615 1873 656 1901 est
679 1880 709 1902 et
731 1875 752 1902 Ἰ
766 1871 972 1901 heodoretuin

121 1927 229 1948 contra
245 1917 387 1947 Garnerii
403 1914 615 1945 cauillationes
633 1914 722 1945 docte
740 1913 896 1950 defendit,
921 1925 972 1944 au-

120 1972 172 1993 rca
190 1959 406 1990 mediocritate
427 1967 485 1988 tam
508 1960 541 1988 in
558 1957 771 1995 defendendo,
804 1968 894 2000 quam
918 1969 973 1987 no-

98 2026 101 2029 -
123 2004 217 2036 tando
242 2001 450 2034 Theodoreto
479 2002 616 2038 seruata,
664 2003 840 2032 nouiffimus
870 2001 973 2031 editor

121 2047 287 2082 Schulzitcs
305 2048 335 2075 in
354 2044 496 2083 singulari
511 2044 577 2074 diss'.
594 2046 754 2087 praemissa
770 2049 869 2075 t0m.1.
887 2047 971 2086 Opp.

121 2090 331 2125 Theodoreti.
370 2092 403 2119 ln
421 2087 490 2118 cod.
504 2088 634 2119 Barocc.
650 2091 782 2119 CXXXI.
800 2087 880 2118 med.
897 2091 971 2118 circ.

120 2137 162 2166 est
189 2146 219 2177 p.
245 2143 311 2169 229.
336 2131 461 2173 epistola
493 2130 580 2173 super
603 2132 688 2161 obitu
717 2132 751 2164 S.
779 2131 971 2163 Theodoreti.

122 2181 183 2212 Hic
199 2179 292 2207 etiam
309 2177 389 2206 inter
412 2175 545 2206 mrlodos
557 2177 743 2205 Graecorum
759 2185 935 2206 numeratur
952 2185 969 2206 a

120 2222 208 2255 Fabr-
225 2219 318 2256 iufra,
344 2218 406 2251 vol.
417 2220 452 2249 X.
463 2230 492 2261 p.
503 2228 562 2257 ¹37·
572 2220 666 2250 Binae
673 2228 774 2250 autem
783 2219 851 2250 suut
859 2218 968 2250 doctae

1031 990 1127 1026 Min
1154 1000 1172 1032 3
1773 992 1881 1040 impe-

1030 1099 1060 1123 et
1102 1089 1256 1134 pleniores
1291 1088 1427 1131 operum
1463 1088 1549 1122 editt.
1583 1103 1612 1122 n.
1641 1091 1883 1130 Sirmondiana,

1029 1144 1058 1166 et
1073 1136 1221 1168 schulzio
1233 1155 1240 1160 -
1254 1133 1473 1176 Noeffrltiana.
1519 1137 1633 1165 Prior-is
1649 1137 1807 1178 inscriptio
1826 1138 1882 1166 est:

1032 1177 1347 1218 T'lzeodoreti-Opera
1367 1179 1489 1214 omnia,
1513 1180 1544 1207 in
1562 1188 1693 1219 quatuor
1715 1188 1816 1209 tomos
1834 1178 1881 1209 dis

1028 1223 1153 1258 tributa,
1178 1232 1310 1263 quorum
1331 1220 1463 1262 plurima
1480 1230 1598 1258 graece,
1621 1221 1769 1262 quaedam
1789 1224 1882 1252 etiam

1026 1264 1123 1295 latine·
1139 1277 1218 1295 nunc
1237 1266 1370 1306 primum
1386 1263 1558 1305 prodeunt:
1581 1274 1691 1301 graece
1700 1276 1769 1295 cum
1781 1267 1881 1296 insstis

1026 1308 1250 1350 exemplaribus
1265 1307 1431 1345 diligenter
1450 1306 1579 1341 collatu
1597 1308 1710 1338 latinae
1724 1310 1881 1343 versiones

1026 1352 1063 1382 ad
1084 1355 1270 1383 Graecorum
1295 1362 1433 1381 normam
1458 1352 1590 1386 eraclae,
1614 1353 1672 1380 siue
1689 1354 1880 1390 recognitae,

1026 1407 1099 1426 cura
1123 1406 1152 1425 ct
1171 1394 1268 1424 tludio
1289 1395 1351 1426 Iac.
1370 1395 1543 1432 Snmondi,
1568 1398 1664 1425 Lutet.
1682 1395 1771 1425 Paris.
1793 1395 1882 1425 sumt.

1026 1438 1070 1469 Cl.
1086 1441 1192 1469 Sonuii
1212 1448 1241 1468 et
1259 1439 1382 1474 Dionys.
1401 1440 1520 1468 Becher.
1538 1444 1621 1475 1642.
1638 1437 1693 1468 fol.
1708 1438 1743 1479 ἤ)
1765 1441 1814 1469 cui
1831 1449 1881 1469 ac-

1027 1484 1108 1511 cessit
1121 1481 1307 1512 Auffart'um
1329 1482 1475 1512 Tlfeoaor.
1495 1492 1510 1510 a
1537 1481 1694 1512 Garnerio
1717 1481 1879 1512 collectum

1028 1534 1056 1554 et
1072 1525 1108 1554 ab
1126 1525 1293 1556 Hae-duim>
1312 1525 1438 1554 editum.
1462 1524 1552 1555 Paris.
1570 1530 1651 1562 1684-
1669 1523 1724 1554 sol.
1771 1528 1805 1556 Et
1819 1527 1881 1555 Sir-

1027 1567 1226 1598 moudianam
1249 1568 1322 1600 edit.
1347 1579 1377 1598 et
1397 1569 1538 1598 Garnerii
1562 1570 1729 1598 anchi-ium
1752 1567 1880 1610 copiose

1027 1612 1175 1648 recenset,
1200 1623 1254 1654 pei·
1271 1611 1357 1653 plura
1374 1614 1473 1654 capita
1490 1613 1552 1649 agit
1569 1610 1606 1641 de
1624 1611 1805 1653 scriptorum
1830 1622 1879 1641 ar-

1028 1664 1193 1692 gumento,
1217 1657 1415 1692 auctoritate,
1447 1665 1477 1685 et
1500 1663 1656 1696 tempore,
1679 1666 1740 1696 quo
1764 1655 1879 1693 singula

1027 1708 1145 1728 exarata
1164 1698 1279 1728 fuerint
1295 1698 1539 1734 aTheodorcto,
1560 1709 1594 1728 ca
1613 1701 1776 1735 examinat,
1801 1698 1879 1728 inul-

1027 1750 1118 1783 taque
1141 1751 1246 1772 contra
1263 1745 1405 1773 Garnerii
1425 1742 1591 1772 calumnias
1617 1740 1768 1784 disputat,
1792 1741 1879 1772 deni-

1027 1795 1085 1826 quc
1101 1785 1251 1827 supposita
1268 1785 1421 1828 dubiaque
1436 1786 1547 1827 scripta
1564 1784 1755 1827 persequitur
1765 1786 1879 1816 Otadin.

1027 1828 1046 1857 l.
1071 1839 1095 1859 c.
1126 1840 1194 1870 pag.
1220 1835 1297 1866 1064
1320 1829 1382 1870 sqq.
1444 1832 1612 1869 Vtramque
1640 1829 1714 1858 edit.
1743 1829 1878 1859 recenset

1026 1882 1149 1913 qnoque
1168 1881 1258 1914 atque
1281 1872 1317 1901 de
1337 1872 1544 1904 Theodorcto
1561 1872 1626 1913 ipso
1644 1882 1673 1902 et
1689 1871 1877 1902 dc'Sinnon—

1026 1915 1067 1944 do
1086 1918 1299 1957 Garncrioqne
1315 1916 1401 1958 plura
1421 1915 1512 1946 tradit
1528 1916 1570 1946 Io.
1587 1916 1754 1947 Fabricius
1774 1918 1806 1945 in
1829 1917 1877 1945 hi-

1028 1960 1117 1989 storia
1135 1959 1208 1988 bibl.
1224 1959 1292 1989 suae
1311 1958 1372 1989 vol.
1388 1963 1412 1989 1.
1427 1969 1495 2000 pag.
1519 1969 1573 1996 142
1594 1977 1639 1983 —
1662 1968 1722 1996 150.

1093 2001 1193 2032 Altera
1210 2013 1306 2044 eaque
1322 2005 1487 2039 recentior,
1500 2005 1586 2032 cuius
1602 2002 1725 2044 quidem
1742 2003 1817 2033 basis
1835 2004 1877 2033 est

1026 2045 1257 2083 sirmondiana,
1282 2046 1331 2076 sed
1354 2047 1545 2084 castigatior,
1569 2048 1688 2075 anclior
1703 2045 1875 2088 meliorque

1025 2090 1066 2118 est
1080 2088 1189 2126 editio,
1205 2101 1294 2131 quam
1305 2091 1422 2120 cin-anit
1436 2090 1486 2121 Io.
1496 2090 1613 2121 Ladon.
1626 2088 1770 2126 Schulze,
1787 2091 1874 2120 theo-

1025 2131 1113 2170 logus
1141 2141 1169 2162 et
1195 2132 1372 2174 philologus
1403 2132 1557 2174 quondam
1589 2132 1744 2169 Halenfis,
1788 2132 1875 2164 socio

1023 2175 1121 2205 fiunto
1139 2186 1207 2206 ven.
1224 2175 1404 2218 Norſjbltio,
1426 2175 1573 2213 theologo
1595 2174 1717 2207 Halensi
1739 2175 1875 2207 celeber.

1022 2220 1116 2250 rimo.
1137 2235 1182 2244 —
1205 2220 1368 2263 Inscriptio
1387 2221 1445 2251 cst:
1464 2221 1500 2249 τί
1514 2221 1639 2261 μακαρίκ
1649 2217 1809 2260 Θιοδωριὶτε
1830 2235 1874 2245 .-

1745 2261 1869 2296 ἕπαῗτω,

164 2327 195 2362 ⁴)
219 2326 254 2354 In
268 2323 465 2354 MaittaireA.
484 2324 525 2354 T.
535 2325 589 2353 111.
610 2334 639 2365 p.
651 2332 717 2360 903.
737 2324 776 2355 sic
789 2323 903 2353 citatur
912 2322 1029 2354 editio:
1041 2322 1225 2357 Theodoreti
1231 2323 1373 2364 Opp.1v.
1389 2321 1463 2354 roll.
1479 2332 1524 2361 gr.
1543 2322 1596 2353 lat.
1605 2322 1685 2367 apud
1694 2323 1873 2367 Sebastian-

203 2375 234 2400 et
249 2365 424 2401 Gabrielem
439 2364 599 2413 Qramotsy
616 2366 671 2399 fol.
689 2365 782 2402 Paris.
795 2371 884 2406 ⁸642·
928 2367 974 2400 Ab
995 2367 1126 2401 Oudino
1141 2376 1242 2401 autem
1259 2377 1312 2410 ap.
1325 2366 1445 2412 Sebast.
1463 2366 1624 2412 Cramcffy.
