2184 2761
290 98 347 143 556
400 93 472 130 Lib.
495 89 655 127 Vaxs.
951 88 1013 123 10.
1041 85 1384 122 CHRYSOSTOMI
1456 59 1460 64 ⁸
1686 80 2038 120 v01-V11-p-6471642
2085 108 2090 114 .

291 188 420 230 versae,
447 186 634 223 charaGere
652 193 760 218 tamen
775 177 913 228 syriace.
937 200 987 208 --
1012 184 1048 216 in
1065 181 1388 230 Ifflgumnsyriamm
1404 193 1479 229 pag.
1494 183 1547 216 62.
1564 179 1664 218 codd.
1682 185 1784 219 CXV.
1804 194 1834 219 et
1850 186 1969 219 CXVI.
1988 203 2040 212 --

290 237 433 294 Pagj65.
457 235 534 274 cod.
550 238 730 273 CXXXVI.
755 249 804 269 nr.
824 236 870 269 16.
885 254 936 261 —
955 247 1032 283 pag.
1050 236 1103 273 68.
1129 232 1204 269 cod.
1224 236 1339 269 cmx.
1362 248 1412 268 nr.
1433 246 1482 269 10.
1503 253 1549 260 -·-
1566 237 1601 269 in
1621 235 1706 284 ling.
1729 238 1873 270 amuenic.
1891 248 1966 284 pag.
1985 242 2038 276 82.

291 294 366 331 cod.
381 294 468 328 LVI.
486 305 536 325 nr.
555 301 584 324 2.
604 298 635 324 et
653 289 773 323 LVIII.
793 289 826 321 in
844 299 912 337 quo
929 283 1002 322 sunt
1020 292 1067 326 81.
1094 288 1188 322 hom.
1204 285 1377 332 Chrysost.
1403 299 1421 320 e
1447 296 1568 336 gracco
1594 286 1781 323 conuersae.
1809 307 1860 315 -—
1887 301 1963 336 pag.
1990 294 2042 331 83.
2109 306 2112 311 ·

292 344 392 384 codd.
408 345 493 379 LXI.
511 351 541 376 et
556 343 673 376 LXIV.
700 359 750 365 —-—
776 352 853 389 pag.
871 351 917 384 9¹-
935 337 1011 375 cod.
1028 340 1241 373 LXXXVIII.
1257 352 1307 373 nr.
1325 339 1356 376 6.
1376 348 1472 374 oratt.
1491 341 1524 374 iu
1540 336 1675 374 laudem
1691 341 1722 374 S.
1739 342 1892 389 Gregorii
1911 339 2043 375 Illumi-
2094 358 2113 382 χ

291 395 426 435 nami-is.
457 392 518 419 -'
533 395 574 428 In
592 393 746 441 linguam
763 394 920 426 arabicam
948 405 1018 441 pag.
1038 400 1109 432 104.
1135 388 1210 425 cod.
1226 393 1298 426 LII.
1316 410 1368 416 —
1381 403 1457 440 pag.
1482 403 1548 436 105.
1564 391 1664 426 codd.
1682 393 1769 430 LVI.
1794 406 1844 428 nr.
1861 403 1887 437 5.
1910 411 1949 417 —-
1973 393 2043 427 LX.

292 452 348 500 qui
364 450 513 483 continet
529 447 578 489 65.
595 442 750 479 homilias
769 445 803 477 in
829 442 982 482 Genefin,
1011 463 1060 469 --
1088 444 1172 478 LXI.
1189 462 1200 468 -
1217 445 1318 478 LXII.
1343 445 1398 491 qui
1415 442 1670 491 comprehendit
1686 444 1843 478 homilias
1865 446 1901 478 in
1925 456 1977 491 ep.
2002 441 2045 478 ad

288 501 480 539 Hebaeos.
509 498 548 533 ab
566 496 708 532 Aodalla
725 494 886 545 quodam,
903 495 1047 531 diacono
1063 496 1290 540 Antiocheno,
1310 495 1534 544 negligentius
1552 493 1743 530 conuersas:
1773 514 1819 522 —
1848 497 1968 531 LXIII.
1987 493 2046 531 de·

292 566 364 589 cem
379 550 499 587 homil.
528 570 575 576 —
601 550 718 586 LXIX.
736 548 856 584 homii'.
875 554 926 590 85.
942 558 1000 583 aut
1015 551 1126 596 potius
1144 557 1313 594 excerpta,
1346 544 1474 583 seruato
1492 550 1652 596 temporis
1669 546 1807 593 ordine,
1835 561 1901 596 qua
1917 545 1992 581 illae
2007 549 2044 584 in.

290 602 433 651 ecciesiis
455 602 677 637 Iacobitarum
701 597 1012 635 Alexandrinorum
1033 600 1099 649 legi
1123 597 1366 635 consueuerunt
1381 618 1431 625 —
1447 612 1521 650 pag.
1542 611 1614 642 107.
1631 610 1662 634 et
1687 606 1757 638 108.
1781 598 1880 659 coss.
1891 600 2042 635 LXXIV.

291 667 323 693 et
348 656 496 691 LXXVI.
525 673 576 680 -
604 665 678 701 pag.
706 663 772 686 110.
801 649 877 686 cod.
905 654 1009 687 XCV.
1034 666 1084 687 nr.
1113 663 1142 686 2.
1160 671 1207 678 -—
1224 663 1300 700 pag.
1329 663 1477 695 1170121.
1501 650 1602 687 codd.
1628 653 1776 689 CXLIII.
1798 671 1850 679 —
1877 652 1964 687 CLI.
1993 667 2045 679 —-

291 710 409 745 CLN.
438 726 487 733 -
513 707 665 741 CLVIII.
695 723 744 730 —
771 705 869 742 CLX.
900 723 950 730 -·-
980 706 1131 740 CLXVI.
1160 724 1211 730 —
1236 705 1422 740 CLXVIII.
1474 704 1576 741 Harl.

459 809 513 857 [ff]
531 811 573 844 In
590 816 662 844 acta
680 807 894 855 apcstolormn
913 808 1035 844 homil.
1053 811 1122 844 LV.
1148 821 1267 857 graece
1289 818 1371 843 tom.
1388 810 1445 844 IV.
1457 807 1554 850 Sauil.
1573 821 1613 843 ex
1630 808 1748 857 quibus
1763 817 1907 857 quatuor
1920 809 2044 857 primas

291 866 388 900 vertit
401 861 574 911 Erasmusj,
601 860 712 909 piures
727 859 838 895 noluit
853 857 1049 901 transferre,
1078 859 1172 908 quod
1188 873 1272 907 opus
1287 870 1417 908 putaret
1428 858 1677 904 Chrysostomo
1693 858 1883 908 indignum.
1938 858 2044 900 Nihil,

290 918 417 964 inquit,
446 926 583 961 Unquam
599 914 662 960 legi
678 913 847 946 indoctius.
893 913 1018 946 Ebrius
1034 919 1065 946 et
1070 911 1215 957 stertens
1219 911 1393 957 scriberem
1411 912 1549 946 meliora.
1596 911 1861 959 Habetfi·igidos
1875 918 1904 947 ct
1919 913 2044 956 ineptos

279 968 470 1016 sensiculos,
500 977 553 999 nec
567 977 617 999 eos
632 962 718 1009 ipsos
732 962 1001 1010 commbdepotcst
1016 963 1182 1008 explicare.
1199 975 1274 1011 pag.
1293 968 1385 1005 1478.
1404 961 1494 1010 epist,
1511 959 1590 996 edit.
1606 960 1717 996 Lond.
1771 962 1838 997 Alii
1856 973 1966 998 tamen
1983 964 2046 996 viri

290 1016 382 1054 doch
402 1017 506 1065 longe
524 1016 618 1052 aliter
637 1013 678 1049 de
702 1015 792 1049 hisce
812 1017 1062 1050 commentariis
1079 1012 1242 1056 sentiunt,
1269 1024 1368 1063 atque
1383 1013 1417 1048 id
1433 1011 1596 1048 iudicium
1611 1016 1646 1047 in
1662 1011 1812 1055 Erasmo,
1834 1023 1926 1048 tanto
1950 1016 2039 1054 viro,

289 1073 503 1106 vehementer
523 1071 696 1103 mirantur.
751 1064 838 1101 Vide
863 1068 1001 1113 Templi,
1020 1067 1241 1114 Raynaudum
1263 1065 1304 1100 de
1329 1067 1424 1101 bonis
1439 1075 1471 1100 et
1492 1065 1589 1100 malis
1601 1065 1695 1100 libris
1708 1079 1741 1113 p.
1764 1076 1817 1108 24,
1834 1066 1927 1111 Rich.
1945 1067 2045 1101 Sis-no-

289 1136 358 1159 nem
376 1132 458 1157 tom.
476 1123 533 1156 111.
550 1118 638 1154 Hm,
653 1121 784 1154 criticae
801 1119 844 1154 N.
861 1119 907 1152 T.
924 1132 957 1167 p.
977 1120 1041 1153 161.
1057 1117 1120 1167 seq.
1136 1119 1234 1153 Petri
1248 1119 1355 1153 Bac-lii
1368 1119 1519 1153 Lexicon
1536 1126 1619 1151 tom.
1636 1119 1678 1151 II.
1694 1117 1771 1152 edit.
1788 1115 2043 1166 secundae-pag.

292 1186 375 1220 1159.
429 1175 563 1208 Ceteras
578 1185 596 1206 a
612 1174 731 1220 quinta
744 1170 901 1206 homilias
917 1174 990 1220 quis
1010 1171 1111 1206 latine
1127 1173 1281 1211 verterit.
1311 1167 1507 1204 adnotatum
1527 1181 1599 1203 non
1619 1172 1734 1216 reperi.
1790 1167 2043 1215 Prodii'tchiy-

288 1224 453 1270 sostomus
475 1227 511 1259 in
527 1225 598 1259 adia
611 1223 712 1258 latine
737 1220 907 1270 separatim
934 1225 1030 1257 Parit.
1058 1228 1148 1266 1548.
1165 1228 1195 1261 8.
1249 1224 1410 1257 Meminit
1434 1222 1532 1255 huius
1560 1223 1670 1267 operis
1690 1222 1889 1266 Niceps'zorus
1904 1223 1994 1256 XIII.
2011 1231 2042 1256 2.

290 1288 323 1314 et
337 1276 442 1313 CPoIi
461 1273 688 1324 compositum
704 1286 720 1306 a
737 1272 982 1318 Chrysossomo
999 1273 1140 1310 testatur.
1194 1275 1292 1323 Legit
1312 1284 1343 1308 et
1360 1274 1500 1308 photius
1524 1270 1600 1306 cod.
1619 1273 1800 1307 CLXXIII.
1823 1282 1854 1307 et
1867 1271 2043 1320 Damascqft

291 1328 353 1377 tius
370 1328 411 1364 de
425 1326 571 1364 Orthod.
594 1324 674 1362 fide
697 1328 756 1362 111.
782 1337 828 1371 15.
852 1327 956 1362 Fabr.
1009 1323 1200 1361 Moutfauc'.
1224 1325 1316 1362 dedit
1339 1324 1411 1360 illas
1436 1322 1614 1364 homilias,
1640 1338 1667 1358 a.
1693 1334 1772 1366 400.
1799 1334 1829 1358 et
1845 1335 1918 1367 401.
1935 1324 2042 1360 CPoIi

292 1380 414 1420 dietas,
440 1382 476 1415 in
493 1378 562 1414 vol.
580 1380 656 1419 IX..
679 1387 710 1413 et
725 1391 824 1413 more
847 1377 905 1414 suo
921 1376 1089 1426 praemisit
1106 1381 1298 1419 monitum,
1328 1381 1362 1412 in
1387 1388 1456 1426 quo
1481 1387 1514 1410 et
1529 1378 1754 1411 recentiorum
1779 1385 1810 1410 et
1827 1387 1975 1411 veterum
2001 1374 2042 1411 de

290 1432 358 1480 iilis
384 1430 504 1468 iudicia
531 1430 663 1471 retulit.
691 1433 889 1481 aperuitque
919 1427 1060 1471 cauffas.
1089 1443 1149 1466 cur
1178 1429 1254 1465 illae
1286 1429 1472 1466 humiliore
1499 1427 1576 1464 stilo
1604 1425 1809 1477 conscriptae
1837 1426 2042 1470 viderentur,

290 1495 324 1521 et
338 1483 426 1528 vnde
442 1481 580 1532 insignis
598 1482 659 1518 issa
674 1485 713 1518 in
726 1480 828 1517 codd.
842 1481 1000 1518 leffionis
1015 1485 1153 1519 varietas
1166 1492 1242 1518 orta
1255 1481 1306 1517 fit.
1332 1480 1434 1518 Harl.

457 1588 501 1622 1η
517 1586 675 1633 epistolam
693 1586 738 1621 ad
750 1573 914 1622 Rom'anos
926 1586 1089 1622 homiliae
1103 1588 1241 1623 XXXII.
1291 1585 1350 1634 [In
1373 1583 1424 1620 ed.
1441 1582 1571 1621 Montf.
1589 1593 1672 1621 tom.
1689 1562 1744 1620 IX.
1760 1597 1792 1633 p.
1811 1594 1884 1628 417.
1902 1581 1971 1633 sqq.
1983 1582 2043 1619 vbi
2059 1624 2065 1630 ι

289 1637 395 1690 praef.
410 1652 482 1675 non
499 1637 544 1673 est
559 1636 791 1687 negligenda]
844 1636 971 1673 Laudat
981 1640 1051 1673 hoc
1064 1651 1149 1686 opus
1162 1640 1307 1687 Jfiiorus
1320 1638 1482 1686 Pelufiottz
1493 1640 1535 1673 V.
1545 1649 1594 1680 32.
1611 1636 1702 1685 epist.
1727 1636 1897 1672 Homilias
1913 1637 2041 1683 priores

290 1691 436 1731 sedecim
456 1693 552 1726 vertit
575 1692 763 1725 Germanus
785 1690 914 1725 Brixius
932 1688 1243 1730 Autissiodorensis.
1272 1691 1452 1725 canonicus
1471 1686 1637 1725 Parifiens.
1663 1691 1719 1738 qui
1738 1691 1856 1723 Ianum
1869 1685 2041 1734 La‘scarem

290 1748 326 1780 in
349 1745 475 1793 graecis
496 1751 750 1790 praeceptorem
773 1739 869 1777 suum
892 1739 1027 1786 iaudat,
1054 1752 1089 1776 et
1109 1752 1239 1789 praeter
1259 1737 1490 1776 Veronensem
1514 1739 1701 1775 editionem
1722 1753 1894 1789 graecam,
1922 1737 2054 1774 codice*

290 1797 365 1837 MS.
375 1792 501 1836 Erasmi
516 1792 562 1828 est
577 1790 663 1828 vsus-
678 1791 771 1829 Bafii.
786 1804 869 1838 1533.
888 1804 920 1836 4.
976 1790 1360 1841 Ceteras-Wolfgangus
1369 1791 1542 1827 Musculus
1559 1795 1790 1840 interpretatus
1804 1791 1859 1827 est.
1914 1790 2040 1836 Vtrius-

291 1855 355 1897 que
371 1844 560 1882 veriionem
575 1845 747 1893 Philippus
762 1846 947 1880 Montanus
965 1843 1132 1892 suppleuit
1149 1855 1180 1879 et
1199 1843 1377 1893 castigavit.
1431 1846 1501 1879 Has
1526 1844 1682 1879 homilias
1694 1854 1725 1879 et
1740 1843 1810 1878 illas
1829 1845 1864 1877 In
1889 1844 2041 1890 priorem

290 1898 333 1935 ad
349 1897 565 1938 Corinthios.
591 1895 678 1932 etad
693 1896 824 1931 Galatas
846 1900 944 1945 atque
964 1894 1004 1931 ad
1021 1898 1143 1931 Titum
1165 1897 1366 1931 Antiochiae
1383 1910 1403 1929 a
1417 1892 1662 1940 Chryspstomo
1689 1894 1834 1935 habitas.¹
1862 1892 1971 1933 CPoli
1988 1905 2040 1928 ce-

290 1960 374 1989 teras
390 1949 533 1985 Sauilius
549 1951 706 1989 coniicit,
734 1947 811 1984 licet
830 1950 1032 1996 Nicephomcs
1043 1951 1136 1984 XIII.
1153 1960 1184 1982 2.
1200 1945 1334 1987 scribat.
1363 1945 1529 1981 uniuersas
1549 1948 1582 1980 in
1598 1945 1789 1993 apostolum
1806 1948 1838 1980 iu
1855 1944 2038 1981 cpolitana

290 2003 370 2038 vrbe
385 1998 620 2049 composuisse.
650 2000 698 2034 D.
724 2002 865 2048 Jttigz'us
882 1998 985 2048 praef.
1001 1999 1043 2034 ad
1060 2001 1183 2035 lib-sum
1206 1997 1246 2033 de
1264 2001 1395 2034 Catenis
1413 2000 1547 2032 Patrum
1571 2011 1603 2046 p.
1620 1999 1772 2032 CXXIV.
1797 2007 1965 2033 memorat
1979 1997 2038 2031 has

290 2057 325 2105 in
343 2052 523 2141 epistolam?1
534 2051 576 2087 ad
592 2055 767 2088 Romanos
784 2051 886 2088 versas
900 2067 919 2087 a
933 2054 1083 2088 Luciano
1099 2054 1310 2092 Mantuano,
1336 2052 1466 2085 Brixiae
1488 2055 1581 2094 1588.
1596 2060 1696 2099 quam
1709 2062 1774 2097 ego
1790 2051 2042 2098 interpretatio-‘

291 2118 370 2141 nem
382 2117 455 2140 non
468 2117 500 2139 vi
526 2120 551 2140 ι.
1160 2121 1162 2124 >

460 2210 654 2255 Inpriorem
672 2210 717 2243 ad
729 2208 916 2245 Corinthios
931 2207 1093 2244 homiliae
1108 2210 1226 2246 XMV.
1243 2210 1277 2242 in
1301 2208 1420 2255 quibus
1437 2204 1602 2242 vertendis
1624 2205 1836 2241 elaborarunt
1847 2202 2055 2240 Franciscur

295 2262 461 2305 Aretinus.
478 2263 631 2307 priorum
649 2263 767 2296 XXIX.
787 2263 944 2309 interpres
956 2287 966 2301 .
993 2271 1022 2294 et
1041 2261 1159 2303 Simon
1177 2261 1368 2304 Grynaeus:
1395 2262 1484 2294 hune
1499 2262 1589 2294 enim
1604 2256 1776 2293 absoluisse
1790 2270 1872 2306 quae
1887 2255 2034 2300 deerant,

295 2312 426 2348 testatur
441 2310 592 2348 Erafinus
608 2312 667 2349 hb.
681 2314 802 2349 XXVI.
815 2312 910 2364 epist.
934 2324 983 2356 14.
998 2325 1101 2363 quem
1117 2310 1194 2347 vide
1208 2310 1249 2347 fis
1271 2315 1370 2347 etiam
1391 2311 1483 2361 epist.
1499 2323 1549 2357 59.
1568 2313 1626 2346 60.
1647 2309 1738 2346 iliius
1756 2309 1846 2346 libri.
1899 2308 1952 2343 Ab
1973 2302 2035 2342 illo
2099 2355 2101 2357 q
2141 2298 2152 2315 r

1953 2368 2036 2394 tem·

2071 37 2089 53 l
2108 49 2115 57 .
