2184 2761
280 131 366 157 vm
906 109 1386 149 PRAEFATIO

226 220 229 221 ⁷
277 226 371 267 dem
395 223 668 264 constitueram
688 252 700 271 ,
744 232 896 275 patres,
939 220 1008 274 qui
1031 227 1249 266 vocantur,
1297 224 1336 256 et
1366 214 1571 269 scriptores
1593 214 1870 260 ecclefiasticos
1899 219 2025 260 stiun-

279 344 370 385 gere
402 343 423 370 a
461 328 618 384 reliquis
650 324 822 382 profanis
849 322 1092 372 melotibus,
1141 321 1380 378 illorumque
1406 320 1635 373 historiam,
1672 336 1691 363 a
1716 322 1895 365 Fabricio
1917 337 2027 366 enar·
2093 311 2099 315 ⁴

245 490 249 494 Α
280 448 429 485 ratam,
487 445 525 475 et
560 431 773 474 neceffariis
811 428 1091 470 accessionibus
1128 426 1470 482 locupletandam,
1518 427 1724 484 separatim
1764 429 1891 470 edere.
1973 432 2029 472 At

280 544 385 583 enim
403 570 414 588 ,
455 539 563 594 quod
591 536 702 579 multi
726 537 928 591 scriptores
959 532 1201 575 ecclefiastici
1237 534 1359 580 iidem
1385 533 1447 574 vel
1476 533 1631 575 annales
1654 545 1693 576 et
1715 534 1903 577 chronica
1933 550 2029 578 con-

256 648 482 689 -cinnarunt
500 674 512 693 ‚
561 643 622 684 vel
649 643 847 684 historiam
872 641 1133 696 exposuerunt
1155 641 1403 692 Byzantinam
1420 670 1432 690 ,
1484 650 1599 698 atque
1625 640 1822 682 Fabricius
1845 640 2028 683 artiffime

279 754 534 794 coniunxerat
565 762 658 790 eos:
709 749 961 789 metuendum
991 756 1091 796 erat,
1147 759 1196 787 ne
1236 745 1397 788 illorum
1431 747 1602 803 capitum
1632 745 1878 790 distraffione
1903 747 2032 787 maior

279 860 446 899 oriretur
472 853 676 905 confusio,
732 825 790 894 bis
821 854 955 894 eudem
989 853 1240 903 dicerentur,
1286 830 1784 910 corpusque⁸Fabricianae
1816 851 2031 894 bibliothe-

279 977 347 1005 cae
377 964 492 1003 nimis
524 962 815 1015 discerperetur.
896 964 1028 1013 Quare
1046 989 1058 1009 ‚
1100 968 1300 1014 quantum·
1324 958 1411 999 fieri
1440 962 1601 1014 potuit,
1647 961 1686 1000 in
1714 959 1795 1000 hoc
1828 956 2033 1000 volumine

278 1067 478 1124 pristinum
505 1068 644 1106 retinui
671 1067 873 1107 ordinem:
919 1067 986 1121 qui
1010 1076 1139 1106 tamen
1166 1066 1206 1105 in
1230 1066 1360 1119 priore
1390 1076 1498 1120 parte
1516 1096 1527 1115 ,
1575 1079 1638 1106 me
1665 1065 1788 1106 inscio
1813 1066 2037 1125 inuitoque,

278 1173 519 1229 aliquantum
551 1157 795 1228 perturbetus
830 1172 892 1212 est.
970 1172 1100 1221 Nam,
1151 1171 1260 1227 quod
1293 1184 1423 1212 vener.
1455 1171 1634 1229 mihique
1661 1185 1682 1212 a
1714 1170 1891 1227 pluribus
1923 1154 2035 1210 annis

280 1278 531 1320 amiciffimus
563 1275 706 1328 KE1L‚
734 1275 886 1319 Doc'lor
908 1288 947 1318 ct
968 1275 1112 1318 P.P.O.
1137 1275 1404 1319 doctrinarum
1420 1274 1625 1319 'sacmrum
1647 1279 1687 1318 in
1710 1276 1927 1319 litterarum
1951 1275 2035 1316 vni-

281 1382 452 1426 versttate
485 1383 633 1440 Lipfica
665 1384 815 1434 celeb„
857 1398 920 1424 me
946 1394 1106 1437 rogante
1125 1414 1139 1435 ‚
1180 1382 1287 1424 illius
1320 1385 1470 1439 partis,
1521 1386 1563 1425 in
1593 1397 1671 1440 qua
1702 1383 1751 1424 de
1782 1379 2037 1438 scriptoribus

281 1489 539 1532 ecclefiafficis
563 1491 773 1545 deperditis
800 1500 838 1531 et
863 1490 1060 1532 nonnullis
1091 1490 1176 1555 aliis
1212 1488 1348 1530 ssiecul.
1382 1492 1425 1530 11.
1448 1499 1488 1530 et
1512 1492 1569 1529 111.
1596 1492 1750 1544 agitur,
1793 1486 2037 1533 illustrandae

280 1595 496 1650 susceperat
519 1598 794 1651 prouinciam,
838 1598 940 1651 (qua
972 1610 1091 1652 quam
1117 1595 1208 1636 scite
1234 1593 1572 1649 intelligenterque
1595 1592 1640 1635 fit
1662 1592 1843 1643 funditis,
1873 1590 2040 1649 quilibet

283 1699 397 1742 facilc
428 1702 659 1757 perspiciet,
715 1716 785 1742 nec
819 1703 919 1750 erit,
966 1702 1074 1757 quod
1113 1701 1281 1741 studium
1315 1714 1358 1742 ac
1391 1699 1633 1753 diligentiam
1666 1699 1770 1741 illius
1798 1698 2041 1754 ampliffimis

282 1806 507 1861 praedicem
542 1807 695 1852 verbis5
751 1819 788 1848 at
820 1821 953 1848 meum
979 1807 1058 1855 est,
1113 1807 1240 1848 VIRO
1275 1780 1442 1862 Optimo
1473 1817 1587 1861 atquc
1618 1806 1872 1858 integerrimo
1901 1802 2041 1857 gratias

284 1910 413 1966 palam
437 1912 656 1966 perlbltterc
683 1913 860 1964 debitas)
885 1914 972 1968 post
999 1928 1084 1968 pag.
1104 1926 1185 1967 334.
1210 1914 1315 1969 sequi
1340 1911 1477 1953 debuit
1503 1923 1620 1967 caput
1649 1915 1690 1952 11.
1714 1912 1762 1952 de
1783 1911 1827 1953 S.
1848 1906 2044 1953 Alluma-

289 2016 339 2056 Ιιό
370 2028 408 2057 et
446 2016 672 2072 Ephraim
707 2018 814 2075 Syro
847 2034 939 2060 cum
977 2022 1074 2062 meis
1108 2020 1394 2075 supplementis.
1479 2021 1614 2074 Atque
1645 2018 1712 2058 diu
1750 2027 1859 2057 antea
1896 2004 2043 2057 mst'um

290 2122 466 2162 miseram
501 2122 686 2174 librario,
736 2126 822 2165 viro
854 2126 1029 2167 honesto.
1115 2127 1216 2176 Sed,
1263 2125 1421 2174 nescio,
1468 2138 1551 2180 quo
1586 2122 1696 2171 fato,
1751 2133 1817 2164 aut
1847 2121 1960 2162 cuius
1983 2119 2043 2158 in-

289 2229 394 2267 curia
436 2226 581 2269 fac‘lum
618 2227 679 2277 fit,
732 2229 916 2282 (forlim,
972 2208 1061 2287 quia
1094 2232 1301 2288 plagulae,
1360 2245 1380 2272 a
1413 2244 1476 2271 me
1507 2230 1617 2286 prelo
1652 2242 1835 2284 paratae,
1883 2233 2044 2281 PTOPtssl'

290 2334 479 2386 temporis
513 2332 839 2390 longinquitatem
871 2341 1107 2380 memorium
1136 2338 1356 2394 oculosque
1386 2337 1678 2389 typothetarum
1712 2331 1966 2387 effugeratm)
2000 2336 2043 2367 vt

1946 2446 2043 2491 Ope-
