2109 2761
50 163 198 194 voivn.
218 172 245 199 ιι
262 169 316 198 ςοο
657 163 884 201 GREGoRu
911 163 1014 199 NAz.
1043 160 1244 198 cometis
1442 161 1688 200 Lib.·V.c.1X.
1743 169 1804 206 387

52 262 121 310 ed]
172 265 224 300 Ex
241 262 480 299 recentioribus
495 272 624 310 praeter
637 259 785 298 Annales
799 256 1021 296 consulendus
1038 257 1184 305 Caesari}
1197 258 1338 293 Bar-onii
1353 256 1437 294 liber
1457 256 1500 294 de
1517 263 1581 294 vita
1599 259 1802 296 Nazianzeni

49 315 92 353 ad
108 317 316 366 Gregorimn
333 318 421 351 Xlll.
445 318 515 366 qui,
537 325 632 350 ante·
648 312 809 354 ineditus,
839 314 986 348 occurrit
1006 324 1083 346 cum
1101 313 1189 346 notis
1206 310 1424 359 papebrochii
1442 313 1478 346 in
1494 312 1585 348 Actis
1601 312 1802 347 Sanctorum

50 379 136 405 tom.
155 371 196 404 11.
221 366 263 403 ad
282 367 371 403 diem
393 370 447 403 [X.
464 368 548 402 Maii
572 380 593 415 p
620 377 690 410 373.
743 367 930 414 Gregorius
946 364 1121 400 Felicior-m
1142 365 1177 399 in
1195 364 1406 412 Gregoriano
1419 390 1428 405 ‚
1458 362 1526 400 fiue
1548 363 1636 399 libro
1657 363 1699 399 de
1713 366 1801 412 XlV.

49 420 275 471 pontificibus,
303 417 759 468 X111.episcopisGregorii5‚
775 419 996 467 etGregori0‚
1011 417 1219 466 presbytero,
1245 416 1391 452 Florem.
1411 422 1500 462 1598.
1520 415 1707 462 Godfridur
1716 418 1801 452 Her-

48 475 192 509 monrius
208 476 241 508 in
260 476 324 508 vita
341 466 559 512 Nazianzeni‚
575 481 728 507 accurato
744 469 853 507 studio
868 468 1027 517 descripta
1044 468 1166 519 gallice
1182 466 1276 505 Paris.
1288 470 1381 511 1674.
1400 479 1430 511 4.
1466 469 1687 504 Tillemontius
1704 479 1800 504 tomo

51 538 147 562 nono
173 528 428 565 memoriamm,
456 534 488 560 et
504 526 551 559 10.
571 524 712 560 Clericus
729 523 948 558 bibliothecae
964 519 1174 562 vniuersalis,
1196 519 1313 556 itidem
1327 518 1452 569 gallico
1470 521 1625 570 vulgatae
1643 519 1803 556 idiomate

54 589 137 614 tom.
152 579 274 614 xv111.
301 579 403 613 Febr.
457 579 670 626 Qamquam
685 576 808 612 Clerici
831 576 1015 611 narrationi
1034 583 1135 623 atque
1155 570 1287 609 iudiciis
1301 584 1373 608 non
1391 573 1497 608 vbiuis
1518 571 1600 608 fides
1618 573 1663 608 est
1680 573 1801 608 haben-

52 628 113 666 da:
139 640 248 666 tamen
270 630 407 680 propter
430 639 575 678 apertam
591 626 751 664 sentiendi
767 625 996 677 scribendique
1016 628 1181 662 rationem
1207 624 1260 661 vel
1276 622 1380 660 hodie
1397 624 1495 661 labor
1519 623 1606 661 illius
1622 638 1693 661 non
1716 636 1804 661 caret

4 696 11 702 ·
51 679 185 718 fructu:
212 695 352 732 eamque
368 682 412 717 ob
427 679 571 717 caussam
583 681 758 728 Christian.
782 681 966 730 Thomafius
983 693 1022 715 ex
1034 678 1149 716 Clerici
1165 676 1243 714 bibl.
1258 673 1399 713 vniuers.
1417 676 1577 726 quasdam
1592 681 1673 713 vitas
1691 677 1805 723 inf-lin-

53 737 397 784 guamgermanicam
413 731 653 769 transferendas
669 735 814 770 curauit:
842 734 976 769 loannis
991 731 1107 768 Clerici
1123 729 1384 778 cupartlzeyischc
1400 730 1743 779 ΙΛΙιεητόςΜινείΙηιπς
1764 733 1804 766 εἰ.

53 790 149 835 niger
163 787 394 822 lor-chermrtcr
413 788 479 821 vnd
496 788 634 826 Κάκον,
661 785 867 822 namemlich
885 784 999 820 lussini
1018 785 1120 820 Mart.
1138 783 1321 818 Clementis
1339 781 1518 818 Alexandr.
1537 784 1708 832 Origenis.
1729 784 1803 830 Cy-

53 841 175 893 priani,
204 836 384 878 prudentii,
410 839 569 885 Gregorii
586 840 755 874 Nazinnz.
777 839 825 885 [p.
843 848 899 882 4¹5
916 855 964 863 —
981 834 1064 881 571]
1080 833 1229 873 Eusebii.
1259 834 1386 883 Pelagii
1404 833 1470 870 vnd
1484 833 1630 876 Celestii‚
1659 848 1715 870 aus
1737 832 1805 872 des-

53 897 111 926 len
133 889 288 926 Biblioth.
313 888 509 925 universelle
532 892 581 925 ins
598 887 765 924 Teutsche
786 887 966 929 fiber-sent.
993 887 1084 924 nebss
1105 890 1197 922 einer
1213 885 1366 922 Vorrede
1389 884 1444 922 des
1458 889 1576 922 *Herm
1594 887 1680 923 Geh.
1702 889 1806 924 Ratlw

61 942 220 990 Thomafii
232 951 295 978 etc.
317 943 426 978 Halae
442 952 528 984 ¹721-
543 947 576 982 8.
604 960 657 969 —
683 939 773 978 Add.
788 938 939 977 eiusdem
953 940 1067 978 Clerici
1080 938 1234 989 epistolas
1248 941 1386 977 criticas,
1414 952 1466 989 ep.
1485 941 1544 976 vl.
1597 941 1695 976 Harl.

648 1013 685 1044 Q
1217 1035 1219 1039 .

334 1073 384 1107 11.
439 1070 562 1108 Codd.
592 1073 674 1108 MS.
707 1079 744 1108 et
775 1072 989 1107 editiones
1017 1071 1225 1119 Gregorii
1251 1071 1531 1106 Nazianzeni.

222 1151 366 1198 Propter
385 1146 569 1190 summam,
596 1162 697 1199 quam
716 1152 899 1200 Gregorius
915 1151 997 1184 Nar.
1023 1149 1138 1184 nadlus
1161 1148 1222 1190 est,
1246 1149 1504 1189 auctoritatem,
1530 1150 1655 1189 euenit,
1684 1157 1719 1183 vt
1741 1151 1808 1184 eius

54 1203 226 1237 orationes
250 1210 282 1236 et
305 1201 432 1250 reliqua
457 1200 567 1249 opusc.
595 1200 791 1239 industriam
814 1202 1005 1251 digitosque
1027 1202 1278 1236 monachorum
1296 1200 1556 1236 librariorumue
1575 1203 1661 1235 mire
1679 1213 1809 1236 exerce-

54 1264 140 1290 rent.
192 1253 306 1288 Tanta
328 1254 431 1302 igitur
451 1255 499 1287 vis
521 1251 681 1288 codicum
703 1252 813 1290 adhuc
831 1252 971 1302 superest
985 1254 1019 1288 in
1037 1254 1136 1287 variis
1150 1251 1229 1287 bibl.
1250 1261 1286 1287 vt
1303 1250 1400 1300 plena
1422 1261 1454 1287 et
1471 1265 1511 1288 ex
1530 1249 1631 1287 codd.
1651 1253 1811 1302 catalogis

54 1306 194 1352 repetita
219 1302 431 1353 singularum
453 1307 648 1340 orationum
670 1314 769 1356 atque
791 1304 1009 1353 epistolarum
1029 1303 1313 1353 singulorumque
1338 1307 1528 1340 carminum
1559 1307 1813 1340 enumeratione

55 1358 200 1392 omnino
220 1354 439 1391 metuendum
457 1355 508 1396 sit,
533 1369 575 1392 ne
589 1367 721 1406 tempus
738 1367 770 1393 et
787 1359 936 1393 chartam
949 1354 1088 1406 perdam
1111 1366 1143 1390 et
1157 1355 1324 1392 lediorum
1342 1359 1496 1405 patientia
1521 1357 1645 1392 abutar.
1701 1358 1815 1406 Qare

55 1405 158 1443 codd.
177 1410 211 1442 in
228 1407 348 1455 quibus
364 1416 469 1456 opera
482 1418 539 1443 aut
553 1408 650 1456 plura
665 1407 823 1458 opuscula
838 1411 995 1458 Gregorii
1012 1407 1087 1445 suut
1102 1407 1229 1457 scripta,
1256 1417 1398 1450 tantum.
1427 1411 1503 1457 quia
1519 1411 1552 1443 in
1568 1408 1728 1457 catalogis
1745 1407 1814 1457 ple·

57 1472 202 1509 rumque
223 1457 353 1508 singula
373 1458 488 1507 opusc.
513 1463 658 1495 curatius
682 1459 917 1510 designantur,
944 1463 1129 1510 generatim
1148 1458 1317 1495 indicabo.
1346 1481 1398 1487 —
1425 1459 1537 1507 Paris:
1561 1463 1596 1496 in
1621 1461 1699 1496 bibl.
1721 1459 1813 1510 publ,

57 1511 105 1547 est
125 1511 256 1546 infinita
275 1523 380 1559 paene
397 1509 498 1546 codd.
514 1510 722 1560 potissimum
740 1515 798 1562 qui
819 1516 987 1548 orationes
1006 1515 1202 1553 continent,
1229 1515 1337 1561 copia,
1389 1515 1436 1548 At
1457 1511 1586 1562 singula
1602 1515 1668 1547 iam
1684 1523 1815 1562 cogno-

44 1563 194 1602 ‘scuntur
212 1576 251 1598 e<
270 1560 379 1598 indice
395 1561 436 1597 ad
454 1563 522 1599 vol.
540 1565 581 1599 11.
599 1564 692 1599 catal.
707 1563 809 1600 codd.
825 1562 921 1601 Paris.
976 1562 1074 1600 Adde
1088 1577 1172 1614 quae
1190 1563 1305 1612 paullo
1323 1564 1397 1613 post
1414 1564 1579 1601 Fabricius
1598 1562 1639 1599 de
1654 1561 1815 1613 promissa

61 1613 231 1652 Louvardi
248 1612 324 1650 edit.
339 1613 475 1663 scripsit.
530 1617 640 1665 Atque
655 1617 841 1663 Moutfauc.
857 1620 892 1652 in
908 1616 986 1653 bibl.
1007 1615 1160 1652 biblioth.
1177 1617 1288 1652 MSSt.
1305 1626 1390 1652 tom.
1408 1618 1448 1651 Π.
1464 1629 1497 1664 p.
1517 1628 1589 1661 725.
1607 1618 1650 1652 D.
1671 1616 1816 1652 mirifice

60 1666 174 1706 laudat
185 1665 263 1704 cod.
276 1669 418 1716 regium,
433 1681 535 1717 quem
547 1678 700 1704 numerat
711 1674 806 1709 1808.
822 1672 1000 1709 eximium,
1015 1665 1162 1705 saec.1X.
1180 1666 1222 1703 ad
1238 1667 1329 1704 vsum
1338 1667 1665 1710 BasiliiMacedonis,
1683 1671 1813 1718 imper..

61 1723 108 1755 vti
127 1730 230 1769 putat,
259 1730 316 1754 aut
328 1718 553 1768 praecedentis
570 1718 741 1769 scriptum.
770 1741 819 1748 —
847 1720 1066 1767 Momffimcon
1083 1723 1117 1756 in
1135 1720 1213 1757 bibl.
1231 1720 1363 1759 Cois-lin⁴
1381 1721 1492 1769 paucis
1509 1719 1652 1756 recenset
1669 1733 1699 1769 p.
1714 1727 1768 1760 118
1784 1730 1821 1755 etv

65 1785 129 1817 tu).
147 1775 296 1822 quinque
313 1769 416 1807 codd.
437 1775 514 1808 iteu:
533 1785 565 1822 p.
583 1783 649 1817 297
669 1783 700 1808 et
716 1779 793 1818 298.
811 1772 881 1809 duo
898 1771 999 1809 codd.
1020 1775 1079 1821 qui
1096 1773 1208 1821 plures
1223 1774 1381 1809 exhibent
1398 1764 1566 1808 orationes
1584 1786 1660 1808 cum
1684 1771 1817 1808 scholiis

63 1836 118 1860 aut
135 1826 383 1859 commentariis
399 1837 450 1874 gr.
466 1843 512 1850 —-
531 1838 608 1876 pag.
626 1831 690 1870 298
706 1824 774 1875 sqq.
791 1824 867 1862 cod.
884 1827 1050 1863 CCXLH.
1065 1828 1218 1861 continet
1232 1823 1356 1861 scholia
1372 1835 1404 1861 et
1417 1828 1678 1860 commentarios
1694 1828 1727 1860 in
1747 1823 1816 1872 plu-

0 1881 1 1884 ’
62 1881 162 1914 rimas
182 1886 278 1911 oratt.
304 1874 344 1910 ad
367 1875 443 1911 cod.
462 1877 589 1913 calcem
608 1875 838 1926 adiunguntur
861 1876 1034 1927 lignorum
1057 1875 1285 1926 quorumdam
1308 1876 1586 1926 significationes,
1620 1889 1702 1926 quas
1724 1876 1819 1912 illinc

65 1926 232 1978 exscripsit
253 1926 424 1977 ediditque
440 1927 630 1966 Montfauc.
653 1935 701 1971 (v.
724 1942 862 1981 quoque
875 1929 1059 1975 Montfauc.
1085 1926 1128 1963 de
1148 1926 1225 1964 cod.
1252 1928 1463 1965 memorabili
1484 1940 1628 1964 romano
1650 1931 1682 1965 S.
1704 1929 1818 1979 Bafilii

66 1985 100 2016 in
120 1980 196 2016 bibl.
221 1979 373 2015 biblioth.
387 1983 499 2018 MSSt.
518 1995 594 2033 pag.
612 1993 679 2027 195.
695 1983 737 2017 D.
759 1985 793 2018 in
815 1995 884 2032 quo
902 1978 977 2016 cod.
1001 1983 1100 2016 etiam
1117 1980 1240 2030 legitur
1257 1980 1417 2017 collectio
1437 1980 1648 2016 historiarum
1668 1984 1816 2030 inquae-

67 2031 144 2068 dam
161 2034 317 2080 Gregorii
342 2029 493 2082 scripta.)
523 2055 570 2062 --
599 2047 632 2083 p.
649 2046 710 2080 179
724 2044 756 2070 et
772 2046 842 2080 197.
859 2033 989 2082 aliquot
1004 2042 1100 2068 oratt.
1121 2035 1207 2068 inter
1221 2034 1302 2068 vitas
1317 2033 1476 2069 Selorum
1491 2043 1552 2068 etc.
1569 2045 1632 2082 pro
1649 2031 1816 2068 mensibus

66 2085 159 2121 Nou.
181 2096 285 2134 vsque
305 2081 347 2118 ad
371 2086 523 2121 februar.
549 2106 602 2112 —
630 2089 669 2122 h.
690 2087 804 2123 multis
824 2086 897 2121 aliis
910 2083 1011 2120 codd.
1031 2087 1087 2134 qui
1107 2085 1160 2119 vel
1181 2096 1311 2120 catenas
1329 2095 1461 2133 patrum
1478 2086 1513 2119 in
1530 2087 1571 2120 V.
1588 2093 1620 2119 et
1636 2086 1679 2119 N.
1693 2084 1740 2119 T.
1763 2083 1816 2118 vel

65 2133 214 2176 asceam,
242 2136 295 2172 vel
310 2137 450 2172 Niconis
462 2147 495 2174 et
512 2137 900 2174 Anastafibcollecliones
916 2134 1221 2185 comprehendunt.
1248 2139 1434 2187 Gregorius
1452 2138 1532 2170 Naz.
1549 2138 1669 2171 citatur
1684 2145 1715 2169 et
1730 2134 1816 2170 mul·

0 2212 1 2219 η
68 2199 100 2223 ta
113 2188 188 2224 loca
207 2202 247 2224 ex
263 2191 331 2223 eius
348 2191 437 2238 Opp.
461 2189 639 2239 leguntur,
668 2204 695 2225 e.
713 2204 745 2240 g.
761 2203 835 2240 pag.
851 2201 905 2233 4²·
922 2200 977 2232 44.
994 2200 1040 2234 57.
1057 2198 1117 2222 etc.
1174 2187 1280 2224 Index
1301 2186 1399 2224 facile
1415 2185 1635 2235 suppeditabit
1652 2190 1815 2222 notitiam.

69 2259 121 2267 —-
147 2242 186 2275 ln
201 2238 317 2276 eadem
335 2242 413 2277 bibl.
429 2239 492 2277 esse
504 2239 666 2289 slauictzm
680 2244 771 2292 Opp.
786 2244 928 2292 Gregor.
948 2239 1148 2281 versionem,
1160 2239 1294 2275 testatur
1310 2238 1494 2284 Illoutsauc.
1515 2241 1547 2273 in
1568 2238 1644 2274 bibl.
1663 2238 1815 2273 biblioth.

69 2293 181 2381 Μῖῗτ.
196 2295 222 2352 Ι..
241 2305 272 2341 p.
291 2304 381 2338 ¹04²·
400 2296 434 2330 B.
450 2305 481 2330 et
498 2293 575 2330 ibid.
595 2308 629 2343 p.
648 2305 740 2338 1024.
757 2291 991 2350 versioopusc.
1010 2294 1112 2342 Greg.
1135 2302 1251 2328 contra
1263 2294 1407 2328 Arianos
1421 2292 1580 2326 armenica
1594 2293 1629 2327 in
1644 2288 1719 2326 cod.
1737 2289 1817 2324 bibl.

18 2356 23 2360 ⁵
68 2358 114 2395 pu
153 2373 161 2380 .
189 2355 355 2397 citatum„

1037 2450 1069 2485 C
1078 2462 1096 2485 c
1104 2463 1122 2485 c
1147 2458 1168 2484 2
1702 2444 1819 2481 Mona-
