2109 2761
73 130 268 179 votvrrin-
285 126 342 175 '6163
379 129 398 134 ”
647 135 903 183 '''stcR11³TA
929 140 1203 186 DEPERDIT'A
1435 153 1508 190 Lib.
1524 153 1568 194 V,
1588 154 1718 199 axla
1765 162 1828 203 589

242 242 286 287 ἡ)
312 230 483 290 Addevfics
499 231 713 278 Mariichaeos.
767 231 929 278 Meminit
945 245 1152 291 Epiphanius
1169 246 1286 282 LXIV.
1312 258 1359 282 21.

248 347 284 391 8)
311 346 482 393 Aduersus
500 348 694 382 Eunomiunz
710 345 891 395 Apologia,
922 347 1118 397 Philostorg.
1138 352 1231 388 VIII,
1260 362 1305 385 12.
1360 350 1424 387 Sed
1449 351 1559 400 plures
1581 351 1727 389 haereses
1750 352 1822 391 scri-

64 401 140 449 ptis
156 396 361 438 confutasse.
397 404 462 434 iam
479 402 651 434 ‘vincentii
669 398 846 435 Lirinensis
864 398 1055 436 testimonio
1080 405 1315 451 cognouimus.
1371 403 1469 439 Vnde
1489 419 1628 455 magnus
1651 403 1833 452 οἱγωιίςῆς

76 447 163 540 ἐπέρ
180 451 242 495 τῆξ
256 452 362 502 ὅξθῆς
378 453 506 493 πίςεως
524 462 662 487 vocatur
676 452 716 487 ab
730 454 868 492 Acado,
895 451 984 500 epist.
1003 450 1044 487 ad
1063 454 1254 500 Cyrsslum,
1282 469 1367 505 quae
1387 459 1422 492 in
1443 459 1534 494 Aelis
1556 458 1691 494 concilii
1715 460 1823 509 Ephe-

91 517 139 540 ιω
155 513 315 540 occurrit.
334 540 337 541 ⁷
376 536 380 539 ,

243 608 280 654 9)
311 608 556 648 commentarii.
578 606 613 643 fi
632 620 704 643 non
723 612 757 644 in
775 621 913 651 omnes,
941 612 975 644 in
992 611 1162 658 plerosque
1177 620 1263 646 certe
1278 614 1310 650 S.
1326 615 1512 659 Scripturae
1534 613 1639 649 libros.
1692 616 1732 650 In
1749 626 1821 649 om-

72 659 171 697 nibus
187 656 258 696 sere
273 663 407 696 Catenis
432 658 628 703 Patruinrad
655 659 760 695 sacros
782 662 887 697 libros
911 663 1080 711 vti-iusque
1104 661 1250 698 foederis
1277 662 1462 714 fragmenta
1483 665 1684 713 Apollinaris
1709 678 1823 701 occur-

74 720 171 753 runt,
200 721 234 747 vt
249 710 335 747 infra
353 716 478 761 capite,
509 725 577 762 quo
596 714 736 747 catenas
760 713 954 755 recensebo,
983 713 1205 763 adparebitq).
1258 717 1433 752 Nonnulla
1457 731 1496 752 ex
1516 718 1580 752 illis
1597 715 1697 753 refert
1723 721 1824 754 etiam

71 763 174 800 latine
191 763 414 800 Combefisms
433 768 467 800 in
494 764 696 800 bibliotheca
721 768 984 802 concionatoria.
1043 769 1081 802 In
1098 765 1242 803 psalmos
1260 779 1358 817 atque
1382 772 1416 804 in
1434 769 1608 817 epistolam
1631 768 1671 804 ad
1690 769 1822 805 Galatas

71 815 125 851 vel
140 824 228 850 certe
242 815 283 850 ad
298 816 415 852 locum
432 820 500 852 eius
515 815 556 851 de
565 818 650 850 Petri
669 817 927 864 sepi-ehenfioioe
943 816 1110 867 scripsisse,
1130 817 1228 854 docet
1244 822 1464 869 Hieronymus
1482 821 1644 868 epist374,
1657 820 1697 856 ad
1707 825 1822 869 Augu-

54 866 204 914 ·stinum.
251 868 381 917 *Qales
399 881 478 903 vero
493 866 618 902 fuerint
634 868 843 915 'Apollinaris
864 873 1118 911 commentarii,
1148 869 1248 906 docet
1271 871 1360 908 idem
1377 875 1610 919 Hieronymus
1637 871 1741 921 praef.
1767 885 1821 908 ex-

67 913 247 967 politionis
260 917 334 955 suae
349 922 386 955 in
398 918 547 955 Esaiam:
575 917 782 965 Apollinaris
797 932 883 956 more
886 921 953 968 suo
959 924 1008 973 stc
1025 924 1156 968 exponit
1177 925 1300 966 omnia,
1326 932 1362 960 vt
1375 925 1523 972 vniuersa
1538 932 1762 966 transcurrat,
1791 932 1821 960 et

1001 976 1027 1009 E
1038 988 1055 1009 e
1066 988 1083 1009 e
1094 988 1111 1008 e
1140 986 1156 1017 3
1688 977 1820 1023 puuffis

111 1080 149 1124 q)
171 1083 252 1113 Hinc
268 1089 381 1120 nomen
396 1077 584 1121 Apollinaris
599 1079 630 1108 in
649 1080 761 1110 catenis
776 1081 806 1110 in
822 1079 917 1112 libros

53 1127 225 1165 'vtriusque
249 1124 417 1154 testamenti
441 1124 539 1152 msstis
568 1120 744 1164 frequenter
770 1127 918 1161 occurrit,

54 1178 84 1198 -e
105 1178 150 1206 gr.
177 1171 208 1198 in
230 1167 411 1200 Coislim'an.
433 1168 465 1195 in
489 1165 700 1196 Moutsaucon.
725 1166 798 1196 bibl.
819 1168 913 1198 Cojsl,

66 1221 136 1254 pag.
162 1213 209 1250 57.
225 1217 268 1242 61.
290 1215 338 1241 66.
363 1209 433 1249 (vbi
453 1209 489 1238 de
511 1208 581 1238 cod.
600 1211 710 1240 XXIII.
736 1210 757 1239 s.
782 1220 914 1252 quatuor

65 1254 235 1293 euangeliis
258 1265 326 1284 cum
347 1254 574 1283 commentariis
597 1251 697 1283 adfert
722 1252 776 1283 ille
799 1254 913 1291 locum,

64 1308 155 1340 quem
171 1297 369 1339 Apolinarius
392 1307 428 1327 ex
441 1296 567 1336 Papia,
613 1299 737 1326 loannis
761 1297 911 1339 discipulo

63 1340 217 1378 laudauit,
241 1349 271 1371 et
293 1350 381 1382 quein
398 1341 507 1380 Papiae
523 1339 643 1376 locum,
669 1348 771 1376 notat,
793 1341 911 1382 plenio-

62 1395 129 1415 rem
151 1383 255 1414 efferri
276 1386 307 1413 in
321 1383 401 1419 cod.
420 1385 513 1413 XXV.
534 1381 589 1411 fol.
611 1393 638 1420 9.
664 1391 694 1412 et
717 1383 784 1413 cod.
802 1387 909 1416 XXVI.

61 1427 118 1458 fol.
134 1435 160 1464 5.
177 1428 230 1457 vbi
246 1426 306 1457 alia
324 1425 361 1456 de
383 1434 482 1456 morte
498 1424 590 1455 Iudae
614 1428 738 1467 eiusque
758 1427 911 1470 sepultura

60 1474 243 1507 mittantur,
268 1480 345 1512 quae
367 1472 490 1504 omnia,
515 1468 616 1499 iudice
636 1469 805 1500 Montfauc.
829 1471 909 1512 apud

62 1516 288 1547 Oecumenium
305 1514 487 1550 habentium)
512 1529 553 1535 —
576 1523 644 1553 pag.
654 1518 703 1550 67.
715 1522 760 1551 75.
777 1519 826 1552 76.
842 1523 907 1552 245.

61 1568 132 1596 247.
149 1564 216 1595 248.
236 1567 305 1595 249.
326 1562 389 1592 263.
409 1561 478 1587 266.
499 1563 528 1585 et
549 1561 618 1594 267.
643 1572 683 1578 —
716 1556 855 1588 Venetiis
875 1560 907 1587 in

62 1599 152 1632 codd.
168 1604 264 1632 Marc.
286 1599 449 1630 secundum
467 1607 524 1629 cat.
543 1598 632 1629 codd.
655 1610 700 1637 gr.
716 1610 784 1641 pag.
804 1611 845 1640 ¹7·
864 1611 907 1638 19·

60 1655 112 1675 20.
136 1653 178 1673 21.
201 1653 248 1673 22.
273 1654 322 1681 24.
346 1660 389 1666 —·
412 1643 590 1680 Florentiae
609 1645 641 1672 in
665 1643 738 1673 bibl.
763 1646 904 1674 Lam-ent.

59 1699 88 1718 v.
106 1687 244 1717 Bandin.
270 1695 327 1716 cat.
351 1686 442 1716 codd.
465 1696 510 1724 gr.
533 1689 622 1716 Laut.
643 1689 666 1716 1.
689 1697 758 1728 pag.
784 1698 825 1717 21.
850 1690 905 1717 vl.

57 1747 102 1758 -—
120 1738 165 1766 52.
188 1734 212 1760 Ι.
235 1746 277 1752 -
298 1739 342 1766 91.
357 1732 465 1761 XXIV.
489 1745 529 1753 —
553 1740 617 1760 102.
633 1732 684 1760 IV.
706 1747 748 1753 —
774 1736 832 1760 161.
850 1733 903 1761 IV.

58 1784 121 1810 291.
138 1776 218 1804 XVI.
235 1782 265 1802 et
279 1783 347 1815 pag.
362 1778 423 1809 363.
440 1775 462 1803 I.
477 1773 530 1803 vbi
546 1774 587 1802 est
602 1780 707 1803 catena
725 1773 847 1815 quidem
871 1775 902 1803 in

57 1818 129 1847 Atha
155 1816 364 1858 apostolorum
389 1824 446 1846 etc.
479 1816 516 1846 ab
537 1817 730 1847 Oecumenio
759 1815 903 1850 colieela3

55 1859 106 1890 sed
123 1859 250 1891 Bandin.
265 1857 500 1894 animaduertit,
523 1858 609 1889 illum
625 1860 854 1890 a11&01‘itatibiis
873 1868 913 1895 et¹

55 1901 233 1940 fragmentis
247 1910 386 1944 pan-um,
409 1901 528 1937 Bafilii,
551 1901 681 1938 Eusebii‚
702 1900 903 1941 Apollinaris

56 1945 249 1986 aliorumque
273 1945 357 1977 *sum
387 1946 468 1975 hunc
493 1944 687 1974 concinnasse
715 1955 918 1979 commenta-A

55 1991 152 2019 rium:
174 2005 219 2011 —-
241 1991 272 2018 in
288 1997 362 2022 tom.
377 1992 414 2019 11.
430 2000 458 2029 p.
471 1993 536 2024 652.
555 1990 620 2018 XII.
645 2006 687 2012 —
711 1988 850 2020 I'cnctiis
867 1991 899 2019 in

55 2030 131 2061 bibl.
148 2032 174 2062 S.
192 2021 335 2061 Michagl.
351 2040 491 2072 excerpta
505 2030 694 2072 Apollinaris
712 2033 743 2061 in
759 2032 898 2069 euangel.

55 2077 83 2106 S.
98 2074 246 2105 Matthaei
268 2076 299 2103 in
317 2084 372 2104 cat.
388 2084 513 2111 graeca,
526 2101 531 2105 .
543 2073 611 2103 cod.
628 2078 716 2106 CXX.
734 2077 805 2105 teste
821 2077 899 2107 Mtt-

47 2117 166 2150 *tat-ello
183 2119 214 2146 in
237 2116 310 2146 bibl.
329 2117 418 2147 codd.
436 2119 529 2148 MSSt.
548 2115 630 2146 illius
646 2118 719 2147 bibl.
738 2130 767 2160 p.
786 2125 830 2157 65.
867 2138 896 2141 «κ

47 2163 88 2193 *lu
105 2159 173 2191 cod.
190 2162 320 2191 LXXVI.
339 2160 467 2191 Barocc.
507 2162 704 2196 Qiaestiones
727 2165 830 2193 variae
852 2163 897 2192 su-

52 2214 108 2246 per
129 2205 255 2234 Genesin
288 2214 322 2233 ex
346 2205 478 2238 Acade,
522 2202 703 2242 Apollinari
735 2205 898 2247 multisque

53 2243 138 2282 aliis}
163 2246 226 2276 vid.
252 2255 309 2277 cat.
332 2246 422 2276 codd.
444 2246 572 2284 Angliae
585 2249 609 2277 I.
633 2258 700 2288 pag.
716 2258 745 2285 9.
769 2257 799 2278 et
821 2249 896 2279 ibid.

52 2301 81 2333 p.
100 2299 157 2319 121.
176 2300 220 2319 nr.
242 2296 321 2326 2328.
340 2292 370 2319 in
388 2299 483 2319 caten.
500 2299 543 2327 gr.
560 2291 592 2319 in
608 2291 714 2323 Psalm.
730 2294 840 2322 LXVII
856 2309 896 2315 —-

51 2337 113 2365 cii.
146 2348 190 2356 —-·
235 2332 436 2365 Vindobnnnc
457 2334 489 2371 in
512 2332 580 2362 cod.
603 2334 713 2364 caesar.
737 2338 894 2366 CCXXXI.

48 2377 84 2408 in
99 2376 229 2409 Nicetae
246 2382 352 2408 catena
370 2379 409 2409 iu
420 2376 548 2409 Iobnm.
571 2377 642 2420 (qui
660 2380 788 2410 Nicetae
812 2389 895 2411 com-

971 1090 1100 1112 mentar.
1118 1083 1149 1112 in
1167 1081 1234 1112 aliis
1251 1094 1374 1126 quoque
1387 1083 1462 1115 bibl.
1479 1084 1656 1124 seruatum)
1678 1097 1706 1116 v.
1724 1086 1817 1118 Lam-

971 1124 1029 1156 bec.
1056 1137 1167 1156 comm.
1186 1129 1223 1156 V.
1247 1137 1316 1168 pag.
1334 1137 1388 1165 135.
1406 1128 1468 1169 sqq.
1494 1139 1561 1159 cum
1584 1138 1656 1160 nota
1677 1129 1817 1160 Kollarii.

971 1171 1085 1199 Pariter
1107 1171 1139 1199 in
1161 1177 1245 1199 tomo
1262 1174 1315 1201 III.
1332 1173 1363 1201 in
1387 1174 1500 1202 catenis
1518 1181 1570 1202 aut
1589 1175 1816 1203 commentariis

969 1214 1001 1241 in
1017 1216 1054 1243 V.
1071 1221 1100 1242 et
1114 1216 1154 1244 N.
1172 1215 1212 1244 T.
1228 1224 1392 1245 occurrunt
1407 1215 1576 1254 fragmenta.
1593 1215 1764 1258 Apollinar.
1781 1218 1812 1246 in

968 1255 1058 1285 codd.
1080 1259 1134 1287 IV.
1159 1272 1198 1279 -—
1231 1259 1256 1288 Χ
1272 1275 1314 1281 ·-
1330 1260 1410 1289 XIV.
1436 1276 1478 1283 -—
1504 1262 1570 1291 XV.
1595 1277 1636 1283 —
1660 1262 1756 1290 XXIX
1772 1276 1815 1283 —

966 1301 1025 1329 XL.
1049 1316 1093 1322 —
1117 1301 1147 1328 in
1165 1311 1225 1340 quo
1244 1302 1284 1330 est
1301 1305 1443 1337 anonymi
1469 1303 1597 1342 epitome
1616 1303 1815 1344 expolitionis

964 1343 1165 1382 Apolll'naris
1192 1344 1327 1385 episcopi
1353 1355 1382 1375 et
1407 1345 1540 1376 aliorum
1563 1347 1665 1376 eccles.
1687 1348 1816 1388 scripto·

964 1396 1031 1415 rum
1047 1388 1078 1415 in
1094 1387 1252 1423 euangelia
1267 1389 1435 1425 Matthaei,
1460 1392 1557 1420 Lucae
1578 1399 1607 1419 et
1621 1392 1756 1425 Ioannis,
1782 1401 1811 1420 v.

963 1428 1083 1460 Kollar.
1108 1429 1145 1459 ad
1170 1429 1257 1460 illum
1285 1431 1354 1461 cod.
1381 1434 1412 1462 in
1438 1432 1593 1464 Lambecii
1618 1444 1729 1463 comm.
1755 1436 1812 1464 III.

964 1484 993 1513 p.
1017 1478 1076 1503 161.
1102 1490 1144 1496 -—
1167 1472 1300 1515 denique
1323 1477 1354 1504 in
1380 1475 1447 1505 cod.
1465 1479 1584 1507 XLvu.
1605 1479 1656 1518 qui
1675 1478 1811 1507 continet

963 1518 1107 1550 anonymi
1131 1526 1328 1547 commentar.
1358 1520 1389 1547 in
1413 1522 1577 1561 praecipua
1600 1520 1668 1550 loca
1690 1521 1716 1549 S.
1739 1519 1810 1549 scri-

962 1566 1068 1600 pturae
1079 1562 1116 1590 V.
1132 1567 1162 1588 et
1178 1562 1218 1590 N.
1234 1562 1275 1590 T.
1287 1572 1321 1591 ex
1336 1561 1546 1601 Apollinaris,
1563 1563 1711 1605 episcopi,
1733 1562 1810 1592 alio-

961 1612 1089 1642 rumque
1117 1602 1222 1633 eccles.
1249 1603 1429 1646 scriptorum
1462 1607 1607 1648 operibus
1635 1605 1807 1636 nolletqum.

960 1656 988 1674 v.
1006 1644 1148 1676 Lam-lm.
1170 1656 1199 1675 et
1222 1655 1324 1677 notam
1341 1648 1454 1680 Kollar.
1473 1654 1526 1680 III.
1548 1662 1577 1692 p.
1595 1660 1658 1688 ¹79·
1677 1650 1740 1691 sqq.
1763 1666 1808 1673 —

959 1691 992 1718 In
1022 1688 1091 1718 cod.
1115 1691 1245 1719 CXLVI.
1273 1702 1318 1720 ιιι·-
1346 1702 1374 1721 2.
1398 1702 1426 1722 et
1450 1702 1489 1729 133.
1515 1693 1580 1723 sunt
1609 1701 1747 1735 excerpta
1770 1703 1807 1723 ex

956 1730 1157 1771 Apollinaris
1179 1734 1416 1775 expcfitionibus
1436 1737 1467 1767 in
1492 1736 1532 1768 V.
1559 1737 1591 1768 T.
1615 1748 1642 1766 v.
1663 1735 1804 1767 Lamllcc.

957 1779 1025 1804 cum
1048 1778 1127 1805 noris
1146 1776 1265 1807 Kollar.
1284 1789 1394 1810 comm.
1408 1783 1460 1811 IV.
1483 1792 1513 1821 p.
1532 1786 1596 1816 256.
1622 1788 1651 1809 et
1669 1785 1738 1817 264.
1763 1795 1806 1804 --

955 1817 1088 1860 Augffl.
1116 1819 1237 1850 l'ina'el.
1264 1821 1334 1850 cod.
1358 1825 1411 1863 qui
1439 1825 1574 1852 continet
1597 1825 1627 1851 in
1653 1825 1804 1853 canticum

955 1865 1144 1891 canticorum
1169 1865 1323 1903 epitomen
1341 1867 1563 1906 expositionum
1579 1867 1733 1905 Procopii,
1757 1867 1802 1896 so-

955 1906 1069 1945 phistae
1084 1905 1250 1941 christiani,
1265 1908 1597 1945 eGregorioNyffeno,
1618 1909 1805 1949 Apollinare

954 1956 984 1977 et
999 1946 1076 1977 aliis.
1097 1959 1125 1977 V.
1142 1947 1259 1989 Reistri
1274 1949 1369 1980 indic.
1388 1952 1479 1981 codd.
1498 1951 1572 1983 bibl.
1588 1954 1709 1991 August.
1729 1964 1801 1995 pag.

953 1995 998 2026 ¹56.
1022 2007 1065 2013 —-
1089 1991 1200 2020 Forsan
1230 2002 1265 2022 ex
1289 1993 1461 2035 Apollinar.
1488 2004 1652 2026 comment.
1675 1998 1706 2026 in
1734 1999 1800 2027 afta

953 2044 1000 2074 ap.
1022 2033 1190 2064 desumtum
1214 2036 1253 2064 est
1277 2044 1433 2078 tamquam
1454 2037 1657 2076 fragmentum
1681 2039 1801 2081 desiis-

948 2076 1060 2116 pendio
1083 2077 1195 2114 Iudae,
1232 2079 1326 2120 ‘quod
1355 2081 1515 2121 separatim
1540 2081 1650 2119 legitur
1673 2084 1704 2112 in
1729 2082 1797 2113 cod.

953 2119 1026 2150 bibl.
1050 2119 1154 2161 Paris.
1178 2121 1318 2162 publicae
1336 2126 1512 2156 MDcxxx.
1535 2136 1580 2154 nx.
1600 2136 1645 2155 10.
1668 2134 1699 2155 et
1719 2127 1799 2156 inter

949 2162 1135 2193 collec‘hmea
1152 2164 1305 2206 I'offiana,
1329 2168 1360 2195 in
1378 2167 1464 2197 catal.
1483 2167 1557 2197 bibl.
1573 2167 1656 2198 Leid.
1674 2180 1705 2210 p.
1722 2180 1797 2206 400.

952 2217 997 2236 ur.
1016 2217 1060 2245 17.
1080 2206 1149 2236 ald.
1170 2208 1239 2237 cod.
1257 2209 1350 2238 Coisl.
1369 2210 1471 2251 paullo
1486 2219 1555 2240 ante
1572 2211 1737 2242 laudatum.
1753 2229 1797 2237 -—-

949 2253 974 2281 A
991 2249 1165 2290 Montfizuc.
1187 2252 1219 2280 in
1242 2251 1316 2281 bibl.
1338 2253 1480 2283 biblioth.
1498 2256 1590 2284 Mssx.
1607 2258 1645 2285 Ii.
1668 2266 1698 2296 p.
1718 2265 1794 2293 1199.

949 2296 981 2323 E.
1005 2295 1114 2323 citatur
1138 2293 1337 2326 ecod.Gui1.
1363 2295 1525 2333 Pelliserii,
1550 2299 1742 2337 Apollinarii
1762 2300 1794 2329 in

946 2335 1154 2380 Psalteriuaem
1163 2336 1265 2369 forsan
1273 2339 1403 2370 estillius
1412 2340 1614 2387 metaphrasis
1622 2350 1678 2374 etc.
1697 2341 1792 2375 Harl.
