<?xml version="1.0" encoding="UTF-8"?>
<!DOCTYPE html PUBLIC "-//W3C//DTD XHTML 1.0 Transitional//EN"
    "http://www.w3.org/TR/xhtml1/DTD/xhtml1-transitional.dtd">
<html xmlns="http://www.w3.org/1999/xhtml" xml:lang="en" lang="en">
 <head>
  <title>
</title>
<meta http-equiv="Content-Type" content="text/html;charset=utf-8" />
  <meta name='ocr-system' content='tesseract 3.04.00' />
  <meta name='ocr-capabilities' content='ocr_page ocr_carea ocr_par ocr_line ocrx_word'/>
</head>
<body>
  <div class='ocr_page' id='page_1' title='image "./bibliothecagraec07fabruoft_0641.png"; bbox 0 0 2109 2761; ppageno 0'>
   <div class='ocr_carea' id='block_1_1' title="bbox 182 169 1926 215">
    <p class='ocr_par' dir='ltr' id='par_1_1' title="bbox 182 169 1926 215">
     <span class='ocr_line' id='line_1_1' title="bbox 182 169 1926 215; baseline 0.005 -9"><span class='ocrx_word' id='word_1_1' title='bbox 182 176 294 206; x_wconf 69' lang='lat' dir='ltr'>votv.</span> <span class='ocrx_word' id='word_1_2' title='bbox 332 172 503 210; x_wconf 61' lang='lat' dir='ltr'><strong>v·⁶²4P‘26</strong></span> <span class='ocrx_word' id='word_1_3' title='bbox 712 171 911 211; x_wconf 82' lang='lat' dir='ltr'>OPERUM</span> <span class='ocrx_word' id='word_1_4' title='bbox 936 169 1188 211; x_wconf 83' lang='lat' dir='ltr'>NICEPHORI</span> <span class='ocrx_word' id='word_1_5' title='bbox 1218 173 1343 214; x_wconf 79' lang='lat' dir='ltr'>CPOL.</span> <span class='ocrx_word' id='word_1_6' title='bbox 1575 175 1648 212; x_wconf 83' lang='lat' dir='ltr'>Lib.</span> <span class='ocrx_word' id='word_1_7' title='bbox 1665 173 1712 213; x_wconf 88' lang='lat' dir='ltr'>V.</span> <span class='ocrx_word' id='word_1_8' title='bbox 1745 178 1811 215; x_wconf 85' lang='lat' dir='ltr'>e.I.</span> <span class='ocrx_word' id='word_1_9' title='bbox 1867 180 1926 215; x_wconf 79' lang='grc'>611</span> 
     </span>
    </p>
   </div>
   <div class='ocr_carea' id='block_1_2' title="bbox 168 266 1921 2412">
    <p class='ocr_par' dir='ltr' id='par_1_2' title="bbox 168 266 1921 2412">
     <span class='ocr_line' id='line_1_2' title="bbox 175 266 1921 323; baseline 0.002 -15"><span class='ocrx_word' id='word_1_10' title='bbox 175 268 335 323; x_wconf 58' lang='lat' dir='ltr'>spectant,</span> <span class='ocrx_word' id='word_1_11' title='bbox 354 269 458 306; x_wconf 87' lang='lat' dir='ltr'>multa</span> <span class='ocrx_word' id='word_1_12' title='bbox 475 269 636 306; x_wconf 78' lang='lat' dir='ltr'>habentur</span> <span class='ocrx_word' id='word_1_13' title='bbox 664 269 719 318; x_wconf 63' lang='lat' dir='ltr'>[ff]</span> <span class='ocrx_word' id='word_1_14' title='bbox 738 272 895 307; x_wconf 56' lang='lat' dir='ltr'>haetenus</span> <span class='ocrx_word' id='word_1_15' title='bbox 920 269 1042 307; x_wconf 88' lang='lat' dir='ltr'>inedita</span> <span class='ocrx_word' id='word_1_16' title='bbox 1064 280 1098 306; x_wconf 85' lang='lat' dir='ltr'>et</span> <span class='ocrx_word' id='word_1_17' title='bbox 1120 272 1246 319; x_wconf 82' lang='lat' dir='ltr'>ignota,</span> <span class='ocrx_word' id='word_1_18' title='bbox 1271 283 1353 321; x_wconf 90' lang='lat' dir='ltr'>quae</span> <span class='ocrx_word' id='word_1_19' title='bbox 1373 266 1413 306; x_wconf 88' lang='lat' dir='ltr'>ad</span> <span class='ocrx_word' id='word_1_20' title='bbox 1438 268 1576 306; x_wconf 89' lang='lat' dir='ltr'>illorum</span> <span class='ocrx_word' id='word_1_21' title='bbox 1602 281 1795 322; x_wconf 85' lang='lat' dir='ltr'>temporum</span> <span class='ocrx_word' id='word_1_22' title='bbox 1821 272 1921 311; x_wconf 82' lang='lat' dir='ltr'>hisso—</span> 
     </span>
     <span class='ocr_line' id='line_1_3' title="bbox 176 321 1920 373; baseline 0.001 -12"><span class='ocrx_word' id='word_1_23' title='bbox 176 326 259 361; x_wconf 83' lang='lat' dir='ltr'>riam</span> <span class='ocrx_word' id='word_1_24' title='bbox 288 326 439 373; x_wconf 74' lang='lat' dir='ltr'>apprime</span> <span class='ocrx_word' id='word_1_25' title='bbox 460 321 658 358; x_wconf 71' lang='lat' dir='ltr'>conducant.</span> <span class='ocrx_word' id='word_1_26' title='bbox 727 324 949 372; x_wconf 68' lang='lat' dir='ltr'>Epfphnm&#39;dis</span> <span class='ocrx_word' id='word_1_27' title='bbox 973 325 1053 359; x_wconf 82' lang='lat' dir='ltr'>item</span> <span class='ocrx_word' id='word_1_28' title='bbox 1081 322 1271 365; x_wconf 69' lang='lat' dir='ltr'>cuiusdam,</span> <span class='ocrx_word' id='word_1_29' title='bbox 1305 327 1396 360; x_wconf 85' lang='lat' dir='ltr'>cuius</span> <span class='ocrx_word' id='word_1_30' title='bbox 1417 337 1478 359; x_wconf 86' lang='lat' dir='ltr'>nec</span> <span class='ocrx_word' id='word_1_31' title='bbox 1501 334 1607 367; x_wconf 79' lang='lat' dir='ltr'>aetas,</span> <span class='ocrx_word' id='word_1_32' title='bbox 1643 339 1704 361; x_wconf 86' lang='lat' dir='ltr'>nec</span> <span class='ocrx_word' id='word_1_33' title='bbox 1727 339 1853 362; x_wconf 83' lang='lat' dir='ltr'>nomen</span> <span class='ocrx_word' id='word_1_34' title='bbox 1877 328 1920 364; x_wconf 81' lang='lat' dir='ltr'>ita</span> 
     </span>
     <span class='ocr_line' id='line_1_4' title="bbox 173 373 1920 427; baseline 0.002 -15"><span class='ocrx_word' id='word_1_35' title='bbox 173 388 345 426; x_wconf 81' lang='lat' dir='ltr'>comperta</span> <span class='ocrx_word' id='word_1_36' title='bbox 361 374 449 417; x_wconf 80' lang='lat' dir='ltr'>suut,</span> <span class='ocrx_word' id='word_1_37' title='bbox 475 373 631 411; x_wconf 86' lang='lat' dir='ltr'>sententia</span> <span class='ocrx_word' id='word_1_38' title='bbox 646 373 813 419; x_wconf 75' lang='lat' dir='ltr'>adfertur,</span> <span class='ocrx_word' id='word_1_39' title='bbox 847 390 885 412; x_wconf 89' lang='lat' dir='ltr'>ac</span> <span class='ocrx_word' id='word_1_40' title='bbox 913 388 1025 425; x_wconf 78' lang='lat' dir='ltr'>vtpote</span> <span class='ocrx_word' id='word_1_41' title='bbox 1048 378 1149 425; x_wconf 84' lang='lat' dir='ltr'>impia</span> <span class='ocrx_word' id='word_1_42' title='bbox 1171 386 1203 410; x_wconf 83' lang='lat' dir='ltr'>ct</span> <span class='ocrx_word' id='word_1_43' title='bbox 1221 374 1347 412; x_wconf 80' lang='lat' dir='ltr'>letifera</span> <span class='ocrx_word' id='word_1_44' title='bbox 1361 375 1569 426; x_wconf 79' lang='lat' dir='ltr'>profligatur.</span> <span class='ocrx_word' id='word_1_45' title='bbox 1622 378 1810 427; x_wconf 82' lang='lat' dir='ltr'>Qodque.</span> <span class='ocrx_word' id='word_1_46' title='bbox 1841 392 1920 416; x_wconf 82' lang='lat' dir='ltr'>meo</span> 
     </span>
     <span class='ocr_line' id='line_1_5' title="bbox 173 427 1921 478; baseline 0.002 -15"><span class='ocrx_word' id='word_1_47' title='bbox 173 428 311 478; x_wconf 76' lang='lat' dir='ltr'>quidem</span> <span class='ocrx_word' id='word_1_48' title='bbox 327 427 451 463; x_wconf 78' lang='lat' dir='ltr'>iudicio</span> <span class='ocrx_word' id='word_1_49' title='bbox 462 455 472 469; x_wconf 92' lang='lat'>‚</span> <span class='ocrx_word' id='word_1_50' title='bbox 499 427 810 478; x_wconf 78' lang='lat' dir='ltr'>praestantilliinum</span> <span class='ocrx_word' id='word_1_51' title='bbox 826 429 884 472; x_wconf 75' lang='lat' dir='ltr'>est,</span> <span class='ocrx_word' id='word_1_52' title='bbox 913 429 1017 464; x_wconf 85' lang='lat' dir='ltr'>multa</span> <span class='ocrx_word' id='word_1_53' title='bbox 1033 441 1123 463; x_wconf 84' lang='lat' dir='ltr'>noun</span> <span class='ocrx_word' id='word_1_54' title='bbox 1140 440 1171 464; x_wconf 81' lang='lat' dir='ltr'>ct</span> <span class='ocrx_word' id='word_1_55' title='bbox 1188 427 1392 464; x_wconf 75' lang='lat' dir='ltr'>inobseruata</span> <span class='ocrx_word' id='word_1_56' title='bbox 1408 428 1447 464; x_wconf 91' lang='lat' dir='ltr'>de</span> <span class='ocrx_word' id='word_1_57' title='bbox 1463 428 1603 474; x_wconf 84' lang='lat' dir='ltr'>Synodo</span> <span class='ocrx_word' id='word_1_58' title='bbox 1617 427 1758 466; x_wconf 78' lang='lat' dir='ltr'>secunda</span> <span class='ocrx_word' id='word_1_59' title='bbox 1772 433 1921 468; x_wconf 69' lang='lat' dir='ltr'>Nicaena</span> 
     </span>
     <span class='ocr_line' id='line_1_6' title="bbox 172 479 1920 534; baseline 0.002 -17"><span class='ocrx_word' id='word_1_60' title='bbox 172 479 324 531; x_wconf 78' lang='lat' dir='ltr'>prosert3</span> <span class='ocrx_word' id='word_1_61' title='bbox 351 482 387 515; x_wconf 86' lang='lat' dir='ltr'>iis</span> <span class='ocrx_word' id='word_1_62' title='bbox 405 481 508 529; x_wconf 85' lang='lat' dir='ltr'>longe</span> <span class='ocrx_word' id='word_1_63' title='bbox 529 479 724 521; x_wconf 75' lang='lat' dir='ltr'>sinceriora,</span> <span class='ocrx_word' id='word_1_64' title='bbox 751 494 836 531; x_wconf 88' lang='lat' dir='ltr'>quae</span> <span class='ocrx_word' id='word_1_65' title='bbox 855 484 920 517; x_wconf 89' lang='lat' dir='ltr'>iam</span> <span class='ocrx_word' id='word_1_66' title='bbox 938 484 970 517; x_wconf 89' lang='lat' dir='ltr'>in</span> <span class='ocrx_word' id='word_1_67' title='bbox 989 480 1190 516; x_wconf 59' lang='lat' dir='ltr'>collet‘tione</span> <span class='ocrx_word' id='word_1_68' title='bbox 1209 482 1426 526; x_wconf 76' lang='lat' dir='ltr'>Synodorum</span> <span class='ocrx_word' id='word_1_69' title='bbox 1450 494 1665 532; x_wconf 81' lang='lat' dir='ltr'>comparent3</span> <span class='ocrx_word' id='word_1_70' title='bbox 1700 493 1814 532; x_wconf 84' lang='lat' dir='ltr'>vtpote</span> <span class='ocrx_word' id='word_1_71' title='bbox 1837 497 1920 534; x_wconf 88' lang='lat' dir='ltr'>quae</span> 
     </span>
     <span class='ocr_line' id='line_1_7' title="bbox 174 530 1920 584; baseline 0.003 -15"><span class='ocrx_word' id='word_1_72' title='bbox 174 535 215 569; x_wconf 85' lang='lat' dir='ltr'>ab</span> <span class='ocrx_word' id='word_1_73' title='bbox 231 533 364 570; x_wconf 79' lang='lat' dir='ltr'>oculato</span> <span class='ocrx_word' id='word_1_74' title='bbox 379 531 473 574; x_wconf 84' lang='lat' dir='ltr'>teile,</span> <span class='ocrx_word' id='word_1_75' title='bbox 501 535 557 583; x_wconf 82' lang='lat' dir='ltr'>qui</span> <span class='ocrx_word' id='word_1_76' title='bbox 574 534 666 569; x_wconf 85' lang='lat' dir='ltr'>rebus</span> <span class='ocrx_word' id='word_1_77' title='bbox 686 535 788 570; x_wconf 87' lang='lat' dir='ltr'>etiam</span> <span class='ocrx_word' id='word_1_78' title='bbox 808 530 1002 575; x_wconf 71' lang='lat' dir='ltr'>interfuerit,</span> <span class='ocrx_word' id='word_1_79' title='bbox 1027 531 1204 569; x_wconf 86' lang='lat' dir='ltr'>tradantur.</span> <span class='ocrx_word' id='word_1_80' title='bbox 1257 534 1371 569; x_wconf 80' lang='lat' dir='ltr'>Multa</span> <span class='ocrx_word' id='word_1_81' title='bbox 1396 535 1474 570; x_wconf 88' lang='lat' dir='ltr'>item</span> <span class='ocrx_word' id='word_1_82' title='bbox 1499 532 1690 571; x_wconf 67' lang='lat' dir='ltr'>sanctorum</span> <span class='ocrx_word' id='word_1_83' title='bbox 1715 548 1845 584; x_wconf 84' lang='lat' dir='ltr'>patrum</span> <span class='ocrx_word' id='word_1_84' title='bbox 1866 537 1920 574; x_wconf 81' lang='lat' dir='ltr'>vel</span> 
     </span>
     <span class='ocr_line' id='line_1_8' title="bbox 175 583 1920 636; baseline 0.002 -15"><span class='ocrx_word' id='word_1_85' title='bbox 175 584 374 635; x_wconf 79' lang='lat' dir='ltr'>fragmenta,</span> <span class='ocrx_word' id='word_1_86' title='bbox 400 585 453 621; x_wconf 84' lang='lat' dir='ltr'>vel</span> <span class='ocrx_word' id='word_1_87' title='bbox 470 588 569 621; x_wconf 87' lang='lat' dir='ltr'>etiam</span> <span class='ocrx_word' id='word_1_88' title='bbox 589 583 760 635; x_wconf 81' lang='lat' dir='ltr'>opuscula,</span> <span class='ocrx_word' id='word_1_89' title='bbox 783 600 888 636; x_wconf 79' lang='lat' dir='ltr'>paene</span> <span class='ocrx_word' id='word_1_90' title='bbox 902 587 1028 636; x_wconf 84' lang='lat' dir='ltr'>integra</span> <span class='ocrx_word' id='word_1_91' title='bbox 1046 584 1199 622; x_wconf 81' lang='lat' dir='ltr'>nondum</span> <span class='ocrx_word' id='word_1_92' title='bbox 1217 584 1302 622; x_wconf 87' lang='lat' dir='ltr'>edita</span> <span class='ocrx_word' id='word_1_93' title='bbox 1315 615 1324 628; x_wconf 77' lang='lat'><strong>‚</strong></span> <span class='ocrx_word' id='word_1_94' title='bbox 1351 588 1405 621; x_wconf 88' lang='lat' dir='ltr'>hic</span> <span class='ocrx_word' id='word_1_95' title='bbox 1421 586 1537 635; x_wconf 79' lang='lat' dir='ltr'>passim</span> <span class='ocrx_word' id='word_1_96' title='bbox 1557 585 1673 624; x_wconf 88' lang='lat' dir='ltr'>inserta</span> <span class='ocrx_word' id='word_1_97' title='bbox 1695 601 1756 624; x_wconf 89' lang='lat' dir='ltr'>nec</span> <span class='ocrx_word' id='word_1_98' title='bbox 1773 587 1840 624; x_wconf 85' lang='lat' dir='ltr'>fine</span> <span class='ocrx_word' id='word_1_99' title='bbox 1863 602 1920 624; x_wconf 72' lang='lat' dir='ltr'>vo·</span> 
     </span>
     <span class='ocr_line' id='line_1_9' title="bbox 172 637 1921 689; baseline 0.001 -15"><span class='ocrx_word' id='word_1_100' title='bbox 172 638 301 688; x_wconf 82' lang='lat' dir='ltr'>luptate</span> <span class='ocrx_word' id='word_1_101' title='bbox 315 639 474 688; x_wconf 79' lang='lat' dir='ltr'>reperias3</span> <span class='ocrx_word' id='word_1_102' title='bbox 498 641 532 673; x_wconf 89' lang='lat' dir='ltr'>in</span> <span class='ocrx_word' id='word_1_103' title='bbox 547 641 597 674; x_wconf 80' lang='lat' dir='ltr'>his</span> <span class='ocrx_word' id='word_1_104' title='bbox 612 639 755 674; x_wconf 67' lang='lat' dir='ltr'>splocarii</span> <span class='ocrx_word' id='word_1_105' title='bbox 772 639 951 687; x_wconf 65' lang='lat' dir='ltr'>Magnetis,</span> <span class='ocrx_word' id='word_1_106' title='bbox 966 641 1018 674; x_wconf 85' lang='lat' dir='ltr'>vix</span> <span class='ocrx_word' id='word_1_107' title='bbox 1035 641 1107 674; x_wconf 91' lang='lat' dir='ltr'>noti</span> <span class='ocrx_word' id='word_1_108' title='bbox 1125 637 1306 689; x_wconf 86' lang='lat' dir='ltr'>scriptoris,</span> <span class='ocrx_word' id='word_1_109' title='bbox 1335 641 1400 688; x_wconf 80' lang='lat' dir='ltr'>qui,</span> <span class='ocrx_word' id='word_1_110' title='bbox 1413 638 1490 675; x_wconf 81' lang='lat' dir='ltr'>tesse</span> <span class='ocrx_word' id='word_1_111' title='bbox 1500 641 1708 688; x_wconf 89' lang='lat' dir='ltr'>Nicephoro‚</span> <span class='ocrx_word' id='word_1_112' title='bbox 1735 644 1849 689; x_wconf 87' lang='lat' dir='ltr'>primis</span> <span class='ocrx_word' id='word_1_113' title='bbox 1870 654 1921 677; x_wconf 81' lang='lat' dir='ltr'>ec-</span> 
     </span>
     <span class='ocr_line' id='line_1_10' title="bbox 175 687 1921 743; baseline -0.001 -17"><span class='ocrx_word' id='word_1_114' title='bbox 175 690 289 726; x_wconf 75' lang='lat' dir='ltr'>elenae</span> <span class='ocrx_word' id='word_1_115' title='bbox 305 687 439 726; x_wconf 76' lang='lat' dir='ltr'>saeculis</span> <span class='ocrx_word' id='word_1_116' title='bbox 457 689 592 734; x_wconf 80' lang='lat' dir='ltr'>floruit,</span> <span class='ocrx_word' id='word_1_117' title='bbox 620 689 762 741; x_wconf 88' lang='lat' dir='ltr'>pretiosa</span> <span class='ocrx_word' id='word_1_118' title='bbox 777 688 1080 740; x_wconf 69' lang='grc' dir='ltr'>οἱπρσπκσμοὶτιοι</span> <span class='ocrx_word' id='word_1_119' title='bbox 1103 703 1203 741; x_wconf 86' lang='lat' dir='ltr'>quam</span> <span class='ocrx_word' id='word_1_120' title='bbox 1219 691 1382 742; x_wconf 77' lang='lat' dir='ltr'>plurima,</span> <span class='ocrx_word' id='word_1_121' title='bbox 1411 692 1526 740; x_wconf 83' lang='lat' dir='ltr'>quibus</span> <span class='ocrx_word' id='word_1_122' title='bbox 1542 692 1605 728; x_wconf 88' lang='lat' dir='ltr'>alia</span> <span class='ocrx_word' id='word_1_123' title='bbox 1621 692 1770 729; x_wconf 82' lang='lat' dir='ltr'>eiusdem</span> <span class='ocrx_word' id='word_1_124' title='bbox 1786 691 1921 743; x_wconf 73' lang='lat' dir='ltr'>scripto,</span> 
     </span>
     <span class='ocr_line' id='line_1_11' title="bbox 174 740 1920 792; baseline 0.002 -14"><span class='ocrx_word' id='word_1_125' title='bbox 174 746 216 778; x_wconf 85' lang='lat' dir='ltr'>ris</span> <span class='ocrx_word' id='word_1_126' title='bbox 237 740 434 792; x_wconf 85' lang='lat' dir='ltr'>fragmenta,</span> <span class='ocrx_word' id='word_1_127' title='bbox 450 741 490 779; x_wconf 89' lang='lat' dir='ltr'>ad</span> <span class='ocrx_word' id='word_1_128' title='bbox 515 742 702 780; x_wconf 59' lang='lat' dir='ltr'>doctrinam</span> <span class='ocrx_word' id='word_1_129' title='bbox 721 743 1253 792; x_wconf 73' lang='lat' dir='ltr'>ecclesiasticampei-quamvtilia,</span> <span class='ocrx_word' id='word_1_130' title='bbox 1282 742 1499 781; x_wconf 70' lang='lat' dir='ltr'>adoc&#39;tissimo</span> <span class='ocrx_word' id='word_1_131' title='bbox 1515 754 1546 780; x_wconf 93' lang='lat' dir='ltr'>et</span> <span class='ocrx_word' id='word_1_132' title='bbox 1557 744 1794 782; x_wconf 85' lang='lat' dir='ltr'>humanissimo</span> <span class='ocrx_word' id='word_1_133' title='bbox 1806 748 1920 781; x_wconf 70' lang='lat' dir='ltr'>Ioanne</span> 
     </span>
     <span class='ocr_line' id='line_1_12' title="bbox 172 794 1918 848; baseline 0.002 -18"><span class='ocrx_word' id='word_1_134' title='bbox 172 796 317 831; x_wconf 49' lang='lat' dir='ltr'>Betui-*no</span> <span class='ocrx_word' id='word_1_135' title='bbox 336 806 488 844; x_wconf 79' lang='lat' dir='ltr'>accepta,</span> <span class='ocrx_word' id='word_1_136' title='bbox 511 794 730 832; x_wconf 85' lang='lat' dir='ltr'>adiunximus.</span> <span class='ocrx_word' id='word_1_137' title='bbox 783 798 853 832; x_wconf 87' lang='lat' dir='ltr'>Nec</span> <span class='ocrx_word' id='word_1_138' title='bbox 868 795 934 832; x_wconf 80' lang='lat' dir='ltr'>fine</span> <span class='ocrx_word' id='word_1_139' title='bbox 950 799 1101 832; x_wconf 78' lang='lat' dir='ltr'>examine</span> <span class='ocrx_word' id='word_1_140' title='bbox 1118 796 1172 832; x_wconf 87' lang='lat' dir='ltr'>ille</span> <span class='ocrx_word' id='word_1_141' title='bbox 1189 806 1220 832; x_wconf 92' lang='lat' dir='ltr'>et</span> <span class='ocrx_word' id='word_1_142' title='bbox 1242 795 1495 846; x_wconf 73' lang='lat' dir='ltr'>perquisitione,</span> <span class='ocrx_word' id='word_1_143' title='bbox 1522 809 1656 847; x_wconf 85' lang='lat' dir='ltr'>patrum</span> <span class='ocrx_word' id='word_1_144' title='bbox 1676 811 1775 848; x_wconf 85' lang='lat' dir='ltr'>opera</span> <span class='ocrx_word' id='word_1_145' title='bbox 1799 801 1831 833; x_wconf 87' lang='lat' dir='ltr'>in</span> <span class='ocrx_word' id='word_1_146' title='bbox 1852 811 1918 834; x_wconf 87' lang='lat' dir='ltr'>me·</span> 
     </span>
     <span class='ocr_line' id='line_1_13' title="bbox 173 845 1920 901; baseline 0.002 -18"><span class='ocrx_word' id='word_1_147' title='bbox 173 846 267 883; x_wconf 85' lang='lat' dir='ltr'>dium</span> <span class='ocrx_word' id='word_1_148' title='bbox 293 845 419 889; x_wconf 76' lang='lat' dir='ltr'>adfert,</span> <span class='ocrx_word' id='word_1_149' title='bbox 457 845 513 883; x_wconf 91' lang='lat' dir='ltr'>sed</span> <span class='ocrx_word' id='word_1_150' title='bbox 536 845 636 885; x_wconf 80' lang='lat' dir='ltr'>ficubi</span> <span class='ocrx_word' id='word_1_151' title='bbox 663 861 749 898; x_wconf 87' lang='lat' dir='ltr'>opus</span> <span class='ocrx_word' id='word_1_152' title='bbox 770 849 847 899; x_wconf 69' lang='grc' dir='ltr'>περὶ</span> <span class='ocrx_word' id='word_1_153' title='bbox 869 847 1091 897; x_wconf 74' lang='grc' dir='ltr'><strong><em>’γνησιᾶτητσς</em></strong></span> <span class='ocrx_word' id='word_1_154' title='bbox 1117 849 1168 885; x_wconf 86' lang='lat' dir='ltr'>vel</span> <span class='ocrx_word' id='word_1_155' title='bbox 1190 846 1330 890; x_wconf 51' lang='lat' dir='ltr'>‚roseius</span> <span class='ocrx_word' id='word_1_156' title='bbox 1356 848 1507 886; x_wconf 84' lang='lat' dir='ltr'>adcurate</span> <span class='ocrx_word' id='word_1_157' title='bbox 1527 861 1559 886; x_wconf 90' lang='lat' dir='ltr'>et</span> <span class='ocrx_word' id='word_1_158' title='bbox 1581 849 1739 901; x_wconf 78' lang='lat' dir='ltr'>sagaciter</span> <span class='ocrx_word' id='word_1_159' title='bbox 1767 849 1920 887; x_wconf 82' lang='lat' dir='ltr'>edifferit.</span> 
     </span>
     <span class='ocr_line' id='line_1_14' title="bbox 172 899 1918 953; baseline 0.001 -18"><span class='ocrx_word' id='word_1_160' title='bbox 172 901 254 935; x_wconf 85' lang='lat' dir='ltr'>Non</span> <span class='ocrx_word' id='word_1_161' title='bbox 270 901 437 936; x_wconf 86' lang='lat' dir='ltr'>immerito</span> <span class='ocrx_word' id='word_1_162' title='bbox 453 901 552 948; x_wconf 85' lang='lat' dir='ltr'>igitur</span> <span class='ocrx_word' id='word_1_163' title='bbox 565 903 614 936; x_wconf 87' lang='lat' dir='ltr'>vir</span> <span class='ocrx_word' id='word_1_164' title='bbox 630 911 737 937; x_wconf 84' lang='lat' dir='ltr'>tantus</span> <span class='ocrx_word' id='word_1_165' title='bbox 754 902 868 949; x_wconf 88' lang='lat' dir='ltr'>passim</span> <span class='ocrx_word' id='word_1_166' title='bbox 889 916 908 937; x_wconf 92' lang='lat' dir='ltr'>a</span> <span class='ocrx_word' id='word_1_167' title='bbox 927 899 1138 952; x_wconf 79' lang='lat' dir='ltr'>scriptoribus</span> <span class='ocrx_word' id='word_1_168' title='bbox 1156 915 1233 938; x_wconf 88' lang='lat' dir='ltr'>cum</span> <span class='ocrx_word' id='word_1_169' title='bbox 1256 900 1464 953; x_wconf 71' lang='lat' dir='ltr'>aequalibuS‚</span> <span class='ocrx_word' id='word_1_170' title='bbox 1497 913 1568 939; x_wconf 89' lang='lat' dir='ltr'>tum</span> <span class='ocrx_word' id='word_1_171' title='bbox 1589 901 1810 953; x_wconf 82' lang='lat' dir='ltr'>subsequentis</span> <span class='ocrx_word' id='word_1_172' title='bbox 1834 905 1918 945; x_wconf 77' lang='lat' dir='ltr'>acui,</span> 
     </span>
     <span class='ocr_line' id='line_1_15' title="bbox 170 951 1921 1007; baseline 0.002 -19"><span class='ocrx_word' id='word_1_173' title='bbox 170 966 191 988; x_wconf 79' lang='lat' dir='ltr'>a</span> <span class='ocrx_word' id='word_1_174' title='bbox 212 952 381 999; x_wconf 63' lang='lat' dir='ltr'>doctrina,</span> <span class='ocrx_word' id='word_1_175' title='bbox 409 965 427 986; x_wconf 87' lang='lat' dir='ltr'>a</span> <span class='ocrx_word' id='word_1_176' title='bbox 448 952 629 1001; x_wconf 82' lang='lat' dir='ltr'>religione,</span> <span class='ocrx_word' id='word_1_177' title='bbox 654 968 672 988; x_wconf 92' lang='lat' dir='ltr'>a</span> <span class='ocrx_word' id='word_1_178' title='bbox 691 951 939 1004; x_wconf 80' lang='lat' dir='ltr'>disciplinarum</span> <span class='ocrx_word' id='word_1_179' title='bbox 957 956 1113 990; x_wconf 83' lang='lat' dir='ltr'>omnium</span> <span class='ocrx_word' id='word_1_180' title='bbox 1131 952 1283 998; x_wconf 87' lang='lat' dir='ltr'>scicntia,</span> <span class='ocrx_word' id='word_1_181' title='bbox 1319 953 1489 991; x_wconf 86' lang='lat' dir='ltr'>laudatur:</span> <span class='ocrx_word' id='word_1_182' title='bbox 1523 957 1558 991; x_wconf 88' lang='lat' dir='ltr'>in</span> <span class='ocrx_word' id='word_1_183' title='bbox 1581 957 1631 991; x_wconf 85' lang='lat' dir='ltr'>his</span> <span class='ocrx_word' id='word_1_184' title='bbox 1654 958 1783 1007; x_wconf 85' lang='lat' dir='ltr'>primas</span> <span class='ocrx_word' id='word_1_185' title='bbox 1808 966 1921 992; x_wconf 87' lang='lat' dir='ltr'>tenent</span> 
     </span>
     <span class='ocr_line' id='line_1_16' title="bbox 172 1002 1919 1057; baseline 0.003 -18"><span class='ocrx_word' id='word_1_186' title='bbox 172 1006 332 1054; x_wconf 71' lang='lat' dir='ltr'>ignatius,</span> <span class='ocrx_word' id='word_1_187' title='bbox 346 1006 414 1040; x_wconf 78' lang='lat' dir='ltr'>eius</span> <span class='ocrx_word' id='word_1_188' title='bbox 431 1005 514 1040; x_wconf 87' lang='lat' dir='ltr'>vitae</span> <span class='ocrx_word' id='word_1_189' title='bbox 529 1002 685 1053; x_wconf 79' lang='lat' dir='ltr'>scriptor,</span> <span class='ocrx_word' id='word_1_190' title='bbox 707 1005 915 1044; x_wconf 80' lang='lat' dir='ltr'>Theodorus</span> <span class='ocrx_word' id='word_1_191' title='bbox 935 1006 1083 1053; x_wconf 88' lang='lat' dir='ltr'>Studita,</span> <span class='ocrx_word' id='word_1_192' title='bbox 1110 1008 1242 1044; x_wconf 87' lang='lat' dir='ltr'>Photius</span> <span class='ocrx_word' id='word_1_193' title='bbox 1257 1009 1291 1042; x_wconf 86' lang='lat' dir='ltr'>in</span> <span class='ocrx_word' id='word_1_194' title='bbox 1306 1006 1504 1044; x_wconf 80' lang='lat' dir='ltr'>bibliotheca</span> <span class='ocrx_word' id='word_1_195' title='bbox 1519 1007 1638 1053; x_wconf 88' lang='lat' dir='ltr'>etalii,</span> <span class='ocrx_word' id='word_1_196' title='bbox 1667 1022 1815 1057; x_wconf 90' lang='lat' dir='ltr'>quorum</span> <span class='ocrx_word' id='word_1_197' title='bbox 1836 1007 1919 1044; x_wconf 74' lang='lat' dir='ltr'>teth·-</span> 
     </span>
     <span class='ocr_line' id='line_1_17' title="bbox 171 1057 1920 1110; baseline 0.002 -18"><span class='ocrx_word' id='word_1_198' title='bbox 171 1059 290 1093; x_wconf 75' lang='lat' dir='ltr'>mouia</span> <span class='ocrx_word' id='word_1_199' title='bbox 308 1059 401 1092; x_wconf 89' lang='lat' dir='ltr'>initio</span> <span class='ocrx_word' id='word_1_200' title='bbox 417 1069 557 1106; x_wconf 78' lang='lat' dir='ltr'>operui-u</span> <span class='ocrx_word' id='word_1_201' title='bbox 574 1057 718 1094; x_wconf 87' lang='lat' dir='ltr'>eiusdem</span> <span class='ocrx_word' id='word_1_202' title='bbox 739 1060 919 1108; x_wconf 82' lang='lat' dir='ltr'>Nicephori</span> <span class='ocrx_word' id='word_1_203' title='bbox 935 1057 1135 1095; x_wconf 82' lang='lat' dir='ltr'>adferemus.</span> <span class='ocrx_word' id='word_1_204' title='bbox 1187 1058 1254 1095; x_wconf 79' lang='lat' dir='ltr'>Etfi</span> <span class='ocrx_word' id='word_1_205' title='bbox 1272 1072 1350 1095; x_wconf 89' lang='lat' dir='ltr'>vero</span> <span class='ocrx_word' id='word_1_206' title='bbox 1364 1072 1451 1094; x_wconf 90' lang='lat' dir='ltr'>nunc</span> <span class='ocrx_word' id='word_1_207' title='bbox 1470 1062 1620 1109; x_wconf 86' lang='lat' dir='ltr'>primum</span> <span class='ocrx_word' id='word_1_208' title='bbox 1643 1061 1820 1107; x_wconf 75' lang='lat' dir='ltr'>Nicephori</span> <span class='ocrx_word' id='word_1_209' title='bbox 1842 1074 1920 1110; x_wconf 88' lang='lat' dir='ltr'>ope-</span> 
     </span>
     <span class='ocr_line' id='line_1_18' title="bbox 170 1108 1919 1160; baseline 0.001 -14"><span class='ocrx_word' id='word_1_210' title='bbox 170 1124 205 1146; x_wconf 89' lang='lat' dir='ltr'>ra</span> <span class='ocrx_word' id='word_1_211' title='bbox 223 1109 341 1145; x_wconf 79' lang='lat' dir='ltr'>isthaec</span> <span class='ocrx_word' id='word_1_212' title='bbox 358 1111 390 1144; x_wconf 90' lang='lat' dir='ltr'>in</span> <span class='ocrx_word' id='word_1_213' title='bbox 410 1108 519 1144; x_wconf 86' lang='lat' dir='ltr'>lucem</span> <span class='ocrx_word' id='word_1_214' title='bbox 538 1109 718 1156; x_wconf 79' lang='lat' dir='ltr'>prodeant,</span> <span class='ocrx_word' id='word_1_215' title='bbox 746 1123 816 1146; x_wconf 88' lang='lat' dir='ltr'>nou</span> <span class='ocrx_word' id='word_1_216' title='bbox 832 1109 1029 1153; x_wconf 77' lang='lat' dir='ltr'>defuerunt,</span> <span class='ocrx_word' id='word_1_217' title='bbox 1058 1114 1112 1160; x_wconf 87' lang='lat' dir='ltr'>qui</span> <span class='ocrx_word' id='word_1_218' title='bbox 1128 1113 1265 1146; x_wconf 84' lang='lat' dir='ltr'>antehac</span> <span class='ocrx_word' id='word_1_219' title='bbox 1283 1124 1320 1146; x_wconf 87' lang='lat' dir='ltr'>ea</span> <span class='ocrx_word' id='word_1_220' title='bbox 1333 1111 1500 1159; x_wconf 75' lang='lat' dir='ltr'>publicare</span> <span class='ocrx_word' id='word_1_221' title='bbox 1522 1112 1698 1148; x_wconf 85' lang='lat' dir='ltr'>voluerint.</span> <span class='ocrx_word' id='word_1_222' title='bbox 1755 1117 1842 1149; x_wconf 79' lang='lat' dir='ltr'>inter</span> <span class='ocrx_word' id='word_1_223' title='bbox 1862 1125 1919 1149; x_wconf 82' lang='lat' dir='ltr'>eos</span> 
     </span>
     <span class='ocr_line' id='line_1_19' title="bbox 171 1159 1919 1215; baseline 0.002 -19"><span class='ocrx_word' id='word_1_224' title='bbox 171 1161 390 1212; x_wconf 66' lang='lat' dir='ltr'>Comboefiſsus,</span> <span class='ocrx_word' id='word_1_225' title='bbox 407 1162 457 1195; x_wconf 77' lang='lat' dir='ltr'>vir</span> <span class='ocrx_word' id='word_1_226' title='bbox 472 1159 513 1194; x_wconf 87' lang='lat' dir='ltr'>de</span> <span class='ocrx_word' id='word_1_227' title='bbox 528 1173 562 1196; x_wconf 88' lang='lat' dir='ltr'>re</span> <span class='ocrx_word' id='word_1_228' title='bbox 576 1160 718 1196; x_wconf 86' lang='lat' dir='ltr'>literaria</span> <span class='ocrx_word' id='word_1_229' title='bbox 728 1163 857 1210; x_wconf 88' lang='lat' dir='ltr'>optime</span> <span class='ocrx_word' id='word_1_230' title='bbox 875 1165 1024 1203; x_wconf 83' lang='lat' dir='ltr'>meritus,</span> <span class='ocrx_word' id='word_1_231' title='bbox 1051 1161 1205 1198; x_wconf 79' lang='lat' dir='ltr'>vtvidere</span> <span class='ocrx_word' id='word_1_232' title='bbox 1225 1161 1271 1198; x_wconf 84' lang='lat' dir='ltr'>est</span> <span class='ocrx_word' id='word_1_233' title='bbox 1283 1164 1317 1198; x_wconf 90' lang='lat' dir='ltr'>in</span> <span class='ocrx_word' id='word_1_234' title='bbox 1333 1159 1541 1211; x_wconf 78' lang='lat' dir='ltr'>praefatione</span> <span class='ocrx_word' id='word_1_235' title='bbox 1556 1163 1596 1199; x_wconf 88' lang='lat' dir='ltr'>ad</span> <span class='ocrx_word' id='word_1_236' title='bbox 1614 1166 1713 1199; x_wconf 84' lang='lat' dir='ltr'>viram</span> <span class='ocrx_word' id='word_1_237' title='bbox 1725 1167 1919 1215; x_wconf 80' lang='lat' dir='ltr'>Nicephori,</span> 
     </span>
     <span class='ocr_line' id='line_1_20' title="bbox 171 1211 1920 1267; baseline 0.004 -21"><span class='ocrx_word' id='word_1_238' title='bbox 171 1217 216 1250; x_wconf 78' lang='lat' dir='ltr'>At</span> <span class='ocrx_word' id='word_1_239' title='bbox 231 1212 297 1248; x_wconf 75' lang='lat' dir='ltr'>siue</span> <span class='ocrx_word' id='word_1_240' title='bbox 309 1214 381 1248; x_wconf 77' lang='lat' dir='ltr'>aliis</span> <span class='ocrx_word' id='word_1_241' title='bbox 398 1211 556 1248; x_wconf 80' lang='lat' dir='ltr'>distentus</span> <span class='ocrx_word' id='word_1_242' title='bbox 573 1214 735 1262; x_wconf 81' lang='lat' dir='ltr'>negotiis,</span> <span class='ocrx_word' id='word_1_243' title='bbox 764 1212 830 1249; x_wconf 81' lang='lat' dir='ltr'>flue</span> <span class='ocrx_word' id='word_1_244' title='bbox 844 1223 954 1250; x_wconf 87' lang='lat' dir='ltr'>morte</span> <span class='ocrx_word' id='word_1_245' title='bbox 969 1224 1246 1264; x_wconf 81' lang='lat' dir='ltr'>praeoccupatus,</span> <span class='ocrx_word' id='word_1_246' title='bbox 1279 1214 1350 1250; x_wconf 84' lang='lat' dir='ltr'>aliis</span> <span class='ocrx_word' id='word_1_247' title='bbox 1373 1227 1447 1251; x_wconf 85' lang='lat' dir='ltr'>rem</span> <span class='ocrx_word' id='word_1_248' title='bbox 1469 1214 1611 1262; x_wconf 75' lang='lat' dir='ltr'>dinilsst3</span> <span class='ocrx_word' id='word_1_249' title='bbox 1645 1220 1737 1253; x_wconf 87' lang='lat' dir='ltr'>cuius</span> <span class='ocrx_word' id='word_1_250' title='bbox 1762 1215 1920 1267; x_wconf 84' lang='lat' dir='ltr'>promissa</span> 
     </span>
     <span class='ocr_line' id='line_1_21' title="bbox 171 1263 1919 1314; baseline 0.001 -13"><span class='ocrx_word' id='word_1_251' title='bbox 171 1263 196 1301; x_wconf 84' lang='lat' dir='ltr'>si</span> <span class='ocrx_word' id='word_1_252' title='bbox 213 1264 424 1314; x_wconf 81' lang='lat' dir='ltr'>expleamus,</span> <span class='ocrx_word' id='word_1_253' title='bbox 451 1276 513 1299; x_wconf 84' lang='lat' dir='ltr'>nos</span> <span class='ocrx_word' id='word_1_254' title='bbox 532 1274 722 1313; x_wconf 83' lang='lat' dir='ltr'>pergratum</span> <span class='ocrx_word' id='word_1_255' title='bbox 740 1264 874 1302; x_wconf 84' lang='lat' dir='ltr'>literatis</span> <span class='ocrx_word' id='word_1_256' title='bbox 891 1266 1050 1302; x_wconf 82' lang='lat' dir='ltr'>omnibus</span> <span class='ocrx_word' id='word_1_257' title='bbox 1066 1264 1213 1303; x_wconf 72' lang='lat' dir='ltr'>fatsturos</span> <span class='ocrx_word' id='word_1_258' title='bbox 1235 1265 1448 1304; x_wconf 64' lang='lat' dir='ltr'>confidimus.</span> <span class='ocrx_word' id='word_1_259' title='bbox 1510 1269 1573 1303; x_wconf 88' lang='lat' dir='ltr'>His</span> <span class='ocrx_word' id='word_1_260' title='bbox 1596 1266 1834 1305; x_wconf 84' lang='lat' dir='ltr'>dissertationes</span> <span class='ocrx_word' id='word_1_261' title='bbox 1857 1270 1919 1305; x_wconf 87' lang='lat' dir='ltr'>cri-</span> 
     </span>
     <span class='ocr_line' id='line_1_22' title="bbox 169 1315 1920 1366; baseline 0.003 -15"><span class='ocrx_word' id='word_1_262' title='bbox 169 1319 262 1358; x_wconf 81' lang='lat' dir='ltr'>ticas,</span> <span class='ocrx_word' id='word_1_263' title='bbox 290 1316 507 1363; x_wconf 84' lang='lat' dir='ltr'>dogmaticas,</span> <span class='ocrx_word' id='word_1_264' title='bbox 536 1315 704 1351; x_wconf 78' lang='lat' dir='ltr'>historicas</span> <span class='ocrx_word' id='word_1_265' title='bbox 715 1315 755 1351; x_wconf 87' lang='lat' dir='ltr'>ad</span> <span class='ocrx_word' id='word_1_266' title='bbox 773 1319 887 1366; x_wconf 89' lang='lat' dir='ltr'>operis</span> <span class='ocrx_word' id='word_1_267' title='bbox 905 1316 1177 1361; x_wconf 80' lang='lat' dir='ltr'>elucidationem,</span> <span class='ocrx_word' id='word_1_268' title='bbox 1194 1329 1230 1354; x_wconf 89' lang='lat' dir='ltr'>vt</span> <span class='ocrx_word' id='word_1_269' title='bbox 1245 1321 1279 1355; x_wconf 88' lang='lat' dir='ltr'>in</span> <span class='ocrx_word' id='word_1_270' title='bbox 1294 1318 1457 1361; x_wconf 85' lang='lat' dir='ltr'>laterculo</span> <span class='ocrx_word' id='word_1_271' title='bbox 1473 1319 1586 1357; x_wconf 81' lang='lat' dir='ltr'>videre</span> <span class='ocrx_word' id='word_1_272' title='bbox 1600 1319 1688 1361; x_wconf 89' lang='lat' dir='ltr'>licet,</span> <span class='ocrx_word' id='word_1_273' title='bbox 1715 1321 1920 1358; x_wconf 82' lang='lat' dir='ltr'>adiiciemus.</span> 
     </span>
     <span class='ocr_line' id='line_1_23' title="bbox 326 1365 1921 1420; baseline 0.006 -19"><span class='ocrx_word' id='word_1_274' title='bbox 326 1365 492 1402; x_wconf 84' lang='lat' dir='ltr'>Prodeunt</span> <span class='ocrx_word' id='word_1_275' title='bbox 532 1376 643 1402; x_wconf 87' lang='lat' dir='ltr'>autem</span> <span class='ocrx_word' id='word_1_276' title='bbox 686 1366 808 1404; x_wconf 84' lang='lat' dir='ltr'>isthaec</span> <span class='ocrx_word' id='word_1_277' title='bbox 851 1381 891 1404; x_wconf 87' lang='lat' dir='ltr'>ex</span> <span class='ocrx_word' id='word_1_278' title='bbox 935 1368 1107 1406; x_wconf 81' lang='lat' dir='ltr'>codicibus</span> <span class='ocrx_word' id='word_1_279' title='bbox 1149 1372 1250 1420; x_wconf 81' lang='lat' dir='ltr'>regiis</span> <span class='ocrx_word' id='word_1_280' title='bbox 1299 1371 1589 1408; x_wconf 82' lang='lat' dir='ltr'>MDCCCXXVI.</span> <span class='ocrx_word' id='word_1_281' title='bbox 1623 1374 1921 1411; x_wconf 79' lang='lat' dir='ltr'>MCMLXXXIX.</span> 
     </span>
     <span class='ocr_line' id='line_1_24' title="bbox 169 1419 1920 1476; baseline 0.003 -20"><span class='ocrx_word' id='word_1_282' title='bbox 169 1419 530 1457; x_wconf 74' lang='lat' dir='ltr'>MMCCCLxxvtu.</span> <span class='ocrx_word' id='word_1_283' title='bbox 557 1431 664 1468; x_wconf 84' lang='lat' dir='ltr'>exque</span> <span class='ocrx_word' id='word_1_284' title='bbox 713 1420 910 1457; x_wconf 86' lang='lat' dir='ltr'>Colbertino</span> <span class='ocrx_word' id='word_1_285' title='bbox 953 1423 1165 1458; x_wconf 81' lang='lat' dir='ltr'>CCCLXIV.</span> <span class='ocrx_word' id='word_1_286' title='bbox 1215 1426 1247 1465; x_wconf 85' lang='grc'>”)</span> <span class='ocrx_word' id='word_1_287' title='bbox 1321 1420 1422 1460; x_wconf 87' lang='lat' dir='ltr'>Hisce</span> <span class='ocrx_word' id='word_1_288' title='bbox 1437 1437 1539 1472; x_wconf 87' lang='lat' dir='ltr'>porro</span> <span class='ocrx_word' id='word_1_289' title='bbox 1580 1424 1711 1461; x_wconf 83' lang='lat' dir='ltr'>ineditis</span> <span class='ocrx_word' id='word_1_290' title='bbox 1753 1427 1920 1476; x_wconf 77' lang='lat' dir='ltr'>operibuS,</span> 
     </span>
     <span class='ocr_line' id='line_1_25' title="bbox 170 1467 1921 1525; baseline 0.005 -18"><span class='ocrx_word' id='word_1_291' title='bbox 170 1471 235 1508; x_wconf 85' lang='lat' dir='ltr'>alia</span> <span class='ocrx_word' id='word_1_292' title='bbox 271 1473 385 1507; x_wconf 85' lang='lat' dir='ltr'>onmia</span> <span class='ocrx_word' id='word_1_293' title='bbox 416 1467 672 1520; x_wconf 63' lang='lat' dir='ltr'>subiungemus„</span> <span class='ocrx_word' id='word_1_294' title='bbox 718 1485 802 1520; x_wconf 89' lang='lat' dir='ltr'>quae</span> <span class='ocrx_word' id='word_1_295' title='bbox 833 1473 955 1522; x_wconf 82' lang='lat' dir='ltr'>publici</span> <span class='ocrx_word' id='word_1_296' title='bbox 980 1476 1061 1510; x_wconf 88' lang='lat' dir='ltr'>iuris</span> <span class='ocrx_word' id='word_1_297' title='bbox 1090 1472 1186 1515; x_wconf 84' lang='lat' dir='ltr'>sunt,</span> <span class='ocrx_word' id='word_1_298' title='bbox 1236 1487 1383 1524; x_wconf 82' lang='lat' dir='ltr'>quaeque</span> <span class='ocrx_word' id='word_1_299' title='bbox 1411 1475 1528 1512; x_wconf 91' lang='lat' dir='ltr'>ordine</span> <span class='ocrx_word' id='word_1_300' title='bbox 1561 1475 1686 1525; x_wconf 76' lang='lat' dir='ltr'>digesta</span> <span class='ocrx_word' id='word_1_301' title='bbox 1715 1480 1752 1514; x_wconf 88' lang='lat' dir='ltr'>in</span> <span class='ocrx_word' id='word_1_302' title='bbox 1784 1479 1852 1515; x_wconf 84' lang='lat' dir='ltr'>fine</span> <span class='ocrx_word' id='word_1_303' title='bbox 1878 1477 1921 1514; x_wconf 89' lang='lat' dir='ltr'>se-</span> 
     </span>
     <span class='ocr_line' id='line_1_26' title="bbox 170 1522 1920 1578; baseline 0.003 -18"><span class='ocrx_word' id='word_1_304' title='bbox 170 1527 298 1574; x_wconf 73' lang='lat' dir='ltr'>quentis</span> <span class='ocrx_word' id='word_1_305' title='bbox 329 1522 477 1559; x_wconf 81' lang='lat' dir='ltr'>laterculi</span> <span class='ocrx_word' id='word_1_306' title='bbox 498 1527 651 1571; x_wconf 79' lang='lat' dir='ltr'>reperies.</span> <span class='ocrx_word' id='word_1_307' title='bbox 722 1524 819 1560; x_wconf 86' lang='lat' dir='ltr'>Haec</span> <span class='ocrx_word' id='word_1_308' title='bbox 851 1527 966 1561; x_wconf 88' lang='lat' dir='ltr'>omnia</span> <span class='ocrx_word' id='word_1_309' title='bbox 990 1538 1070 1562; x_wconf 82' lang='lat' dir='ltr'>vcro</span> <span class='ocrx_word' id='word_1_310' title='bbox 1100 1524 1230 1563; x_wconf 90' lang='lat' dir='ltr'>duobus</span> <span class='ocrx_word' id='word_1_311' title='bbox 1252 1528 1286 1561; x_wconf 87' lang='lat' dir='ltr'>in</span> <span class='ocrx_word' id='word_1_312' title='bbox 1307 1525 1396 1562; x_wconf 79' lang='lat' dir='ltr'>solio</span> <span class='ocrx_word' id='word_1_313' title='bbox 1419 1531 1520 1564; x_wconf 84' lang='lat' dir='ltr'>tomis</span> <span class='ocrx_word' id='word_1_314' title='bbox 1546 1529 1830 1578; x_wconf 64' lang='lat' dir='ltr'>complectemur:</span> <span class='ocrx_word' id='word_1_315' title='bbox 1858 1529 1920 1566; x_wconf 75' lang='lat' dir='ltr'>nist</span> 
     </span>
     <span class='ocr_line' id='line_1_27' title="bbox 168 1572 1921 1627; baseline 0.003 -13"><span class='ocrx_word' id='word_1_316' title='bbox 168 1573 304 1614; x_wconf 73' lang='lat' dir='ltr'>fortasse</span> <span class='ocrx_word' id='word_1_317' title='bbox 336 1575 538 1624; x_wconf 84' lang='lat' dir='ltr'>ampliorem</span> <span class='ocrx_word' id='word_1_318' title='bbox 566 1572 711 1624; x_wconf 84' lang='lat' dir='ltr'>segetem</span> <span class='ocrx_word' id='word_1_319' title='bbox 743 1589 783 1613; x_wconf 89' lang='lat' dir='ltr'>ex</span> <span class='ocrx_word' id='word_1_320' title='bbox 818 1579 977 1613; x_wconf 80' lang='lat' dir='ltr'>Vaticana</span> <span class='ocrx_word' id='word_1_321' title='bbox 1004 1577 1204 1615; x_wconf 83' lang='lat' dir='ltr'>bibliotheca</span> <span class='ocrx_word' id='word_1_322' title='bbox 1230 1591 1346 1627; x_wconf 79' lang='lat' dir='ltr'>eruere</span> <span class='ocrx_word' id='word_1_323' title='bbox 1374 1578 1491 1621; x_wconf 86' lang='lat' dir='ltr'>liceat,</span> <span class='ocrx_word' id='word_1_324' title='bbox 1537 1581 1588 1616; x_wconf 91' lang='lat' dir='ltr'>vbi</span> <span class='ocrx_word' id='word_1_325' title='bbox 1614 1583 1681 1618; x_wconf 87' lang='lat' dir='ltr'>iam</span> <span class='ocrx_word' id='word_1_326' title='bbox 1714 1585 1827 1618; x_wconf 87' lang='lat' dir='ltr'>omnia</span> <span class='ocrx_word' id='word_1_327' title='bbox 1857 1581 1921 1618; x_wconf 85' lang='lat' dir='ltr'>ssu-</span> 
     </span>
     <span class='ocr_line' id='line_1_28' title="bbox 170 1625 1920 1685; baseline 0.003 -20"><span class='ocrx_word' id='word_1_328' title='bbox 170 1628 268 1666; x_wconf 81' lang='lat' dir='ltr'>diosts</span> <span class='ocrx_word' id='word_1_329' title='bbox 301 1639 413 1676; x_wconf 75' lang='lat' dir='ltr'>patent</span> <span class='ocrx_word' id='word_1_330' title='bbox 449 1625 611 1662; x_wconf 76' lang='lat' dir='ltr'>beneflcio</span> <span class='ocrx_word' id='word_1_331' title='bbox 645 1625 766 1664; x_wconf 87' lang='lat' dir='ltr'>summi</span> <span class='ocrx_word' id='word_1_332' title='bbox 804 1628 971 1666; x_wconf 81' lang='lat' dir='ltr'>Pontificis</span> <span class='ocrx_word' id='word_1_333' title='bbox 1005 1631 1272 1667; x_wconf 81' lang='lat' dir='ltr'>CLEMENTtS</span> <span class='ocrx_word' id='word_1_334' title='bbox 1306 1632 1361 1670; x_wconf 81' lang='lat' dir='ltr'>XL</span> <span class='ocrx_word' id='word_1_335' title='bbox 1391 1634 1446 1681; x_wconf 92' lang='lat' dir='ltr'>qui</span> <span class='ocrx_word' id='word_1_336' title='bbox 1476 1630 1516 1668; x_wconf 87' lang='lat' dir='ltr'>ad</span> <span class='ocrx_word' id='word_1_337' title='bbox 1555 1632 1684 1671; x_wconf 87' lang='lat' dir='ltr'>bonum</span> <span class='ocrx_word' id='word_1_338' title='bbox 1722 1635 1920 1685; x_wconf 86' lang='lat' dir='ltr'>reipublicae</span> 
     </span>
     <span class='ocr_line' id='line_1_29' title="bbox 169 1678 1921 1733; baseline 0.003 -15"><span class='ocrx_word' id='word_1_339' title='bbox 169 1695 249 1718; x_wconf 85' lang='lat' dir='ltr'>cum</span> <span class='ocrx_word' id='word_1_340' title='bbox 294 1681 351 1729; x_wconf 61' lang='grc' dir='ltr'>[Ἣ</span> <span class='ocrx_word' id='word_1_341' title='bbox 384 1678 616 1716; x_wconf 77' lang='lat' dir='ltr'>ecclesiasticae</span> <span class='ocrx_word' id='word_1_342' title='bbox 650 1689 722 1716; x_wconf 85' lang='lat' dir='ltr'>tum</span> <span class='ocrx_word' id='word_1_343' title='bbox 755 1681 929 1718; x_wconf 77' lang='lat' dir='ltr'>litterariae</span> <span class='ocrx_word' id='word_1_344' title='bbox 961 1692 1075 1729; x_wconf 84' lang='lat' dir='ltr'>natus,</span> <span class='ocrx_word' id='word_1_345' title='bbox 1122 1695 1156 1720; x_wconf 92' lang='lat' dir='ltr'>et</span> <span class='ocrx_word' id='word_1_346' title='bbox 1191 1682 1231 1718; x_wconf 93' lang='lat' dir='ltr'>ad</span> <span class='ocrx_word' id='word_1_347' title='bbox 1255 1681 1375 1733; x_wconf 74' lang='lat' dir='ltr'>fastigii</span> <span class='ocrx_word' id='word_1_348' title='bbox 1404 1684 1540 1721; x_wconf 86' lang='lat' dir='ltr'>culmen</span> <span class='ocrx_word' id='word_1_349' title='bbox 1571 1688 1703 1723; x_wconf 72' lang='lat' dir='ltr'>euectus</span> <span class='ocrx_word' id='word_1_350' title='bbox 1727 1686 1792 1731; x_wconf 79' lang='lat' dir='ltr'>est,</span> <span class='ocrx_word' id='word_1_351' title='bbox 1834 1687 1921 1724; x_wconf 62' lang='lat' dir='ltr'>litte⁴</span> 
     </span>
     <span class='ocr_line' id='line_1_30' title="bbox 170 1731 1920 1786; baseline 0.002 -16"><span class='ocrx_word' id='word_1_352' title='bbox 170 1738 217 1771; x_wconf 75' lang='lat' dir='ltr'>ris</span> <span class='ocrx_word' id='word_1_353' title='bbox 234 1733 346 1782; x_wconf 79' lang='lat' dir='ltr'>etipse</span> <span class='ocrx_word' id='word_1_354' title='bbox 366 1734 488 1781; x_wconf 83' lang='lat' dir='ltr'>graecis</span> <span class='ocrx_word' id='word_1_355' title='bbox 505 1734 665 1781; x_wconf 88' lang='lat' dir='ltr'>omnique</span> <span class='ocrx_word' id='word_1_356' title='bbox 681 1731 852 1770; x_wconf 76' lang='lat' dir='ltr'>doch-inae</span> <span class='ocrx_word' id='word_1_357' title='bbox 878 1741 999 1783; x_wconf 84' lang='lat' dir='ltr'>genere</span> <span class='ocrx_word' id='word_1_358' title='bbox 1013 1736 1166 1784; x_wconf 86' lang='lat' dir='ltr'>apprime</span> <span class='ocrx_word' id='word_1_359' title='bbox 1180 1735 1337 1772; x_wconf 80' lang='lat' dir='ltr'>excultus.</span> <span class='ocrx_word' id='word_1_360' title='bbox 1388 1736 1508 1786; x_wconf 91' lang='lat' dir='ltr'>Neque</span> <span class='ocrx_word' id='word_1_361' title='bbox 1530 1735 1659 1775; x_wconf 75' lang='lat' dir='ltr'>silentio</span> <span class='ocrx_word' id='word_1_362' title='bbox 1681 1742 1809 1776; x_wconf 84' lang='lat' dir='ltr'>mittere</span> <span class='ocrx_word' id='word_1_363' title='bbox 1830 1740 1920 1780; x_wconf 78' lang='lat' dir='ltr'>licet,</span> 
     </span>
     <span class='ocr_line' id='line_1_31' title="bbox 172 1784 1919 1829; baseline 0.003 -8"><span class='ocrx_word' id='word_1_364' title='bbox 172 1788 224 1821; x_wconf 85' lang='lat' dir='ltr'>cui</span> <span class='ocrx_word' id='word_1_365' title='bbox 243 1787 308 1820; x_wconf 82' lang='lat' dir='ltr'>hoc</span> <span class='ocrx_word' id='word_1_366' title='bbox 324 1795 431 1820; x_wconf 73' lang='lat' dir='ltr'>otium</span> <span class='ocrx_word' id='word_1_367' title='bbox 449 1796 480 1819; x_wconf 81' lang='lat' dir='ltr'>et</span> <span class='ocrx_word' id='word_1_368' title='bbox 503 1785 591 1819; x_wconf 83' lang='lat' dir='ltr'>hane</span> <span class='ocrx_word' id='word_1_369' title='bbox 616 1785 801 1821; x_wconf 79' lang='lat' dir='ltr'>litterarum</span> <span class='ocrx_word' id='word_1_370' title='bbox 827 1786 1045 1823; x_wconf 84' lang='lat' dir='ltr'>colendarum</span> <span class='ocrx_word' id='word_1_371' title='bbox 1069 1784 1255 1824; x_wconf 83' lang='lat' dir='ltr'>facultatem</span> <span class='ocrx_word' id='word_1_372' title='bbox 1277 1788 1467 1825; x_wconf 87' lang='lat' dir='ltr'>debeamus.</span> <span class='ocrx_word' id='word_1_373' title='bbox 1527 1791 1556 1825; x_wconf 80' lang='lat' dir='ltr'>ls</span> <span class='ocrx_word' id='word_1_374' title='bbox 1578 1790 1622 1827; x_wconf 82' lang='lat' dir='ltr'>est</span> <span class='ocrx_word' id='word_1_375' title='bbox 1644 1793 1834 1829; x_wconf 84' lang='lat' dir='ltr'>COSMUS</span> <span class='ocrx_word' id='word_1_376' title='bbox 1863 1795 1919 1828; x_wconf 80' lang='lat'>111.</span> 
     </span>
     <span class='ocr_line' id='line_1_32' title="bbox 171 1835 1920 1895; baseline 0.005 -23"><span class='ocrx_word' id='word_1_377' title='bbox 171 1842 318 1886; x_wconf 80' lang='lat' dir='ltr'>Magnus</span> <span class='ocrx_word' id='word_1_378' title='bbox 337 1838 514 1873; x_wconf 76' lang='lat' dir='ltr'>Hetruriae</span> <span class='ocrx_word' id='word_1_379' title='bbox 535 1835 614 1872; x_wconf 85' lang='lat' dir='ltr'>dux.</span> <span class='ocrx_word' id='word_1_380' title='bbox 638 1857 685 1864; x_wconf 93' lang='lat'>—-</span> <span class='ocrx_word' id='word_1_381' title='bbox 715 1839 824 1874; x_wconf 83' lang='lat' dir='ltr'>Huius</span> <span class='ocrx_word' id='word_1_382' title='bbox 839 1839 1130 1886; x_wconf 81' lang='lat' dir='ltr'>magnificentiae,</span> <span class='ocrx_word' id='word_1_383' title='bbox 1156 1838 1180 1875; x_wconf 85' lang='lat' dir='ltr'>si</span> <span class='ocrx_word' id='word_1_384' title='bbox 1199 1839 1276 1890; x_wconf 90' lang='lat' dir='ltr'>quid</span> <span class='ocrx_word' id='word_1_385' title='bbox 1300 1839 1339 1876; x_wconf 89' lang='lat' dir='ltr'>ad</span> <span class='ocrx_word' id='word_1_386' title='bbox 1361 1838 1587 1878; x_wconf 77' lang='lat' dir='ltr'>studiosorum</span> <span class='ocrx_word' id='word_1_387' title='bbox 1611 1841 1705 1880; x_wconf 88' lang='lat' dir='ltr'>vsum</span> <span class='ocrx_word' id='word_1_388' title='bbox 1727 1855 1920 1895; x_wconf 88' lang='lat' dir='ltr'>opportune</span> 
     </span>
     <span class='ocr_line' id='line_1_33' title="bbox 172 1887 1918 1944; baseline 0.005 -22"><span class='ocrx_word' id='word_1_389' title='bbox 172 1890 311 1927; x_wconf 63' lang='lat' dir='ltr'>dabitur..</span> <span class='ocrx_word' id='word_1_390' title='bbox 339 1899 448 1926; x_wconf 83' lang='lat' dir='ltr'>totum</span> <span class='ocrx_word' id='word_1_391' title='bbox 467 1887 532 1925; x_wconf 82' lang='lat' dir='ltr'>flue</span> <span class='ocrx_word' id='word_1_392' title='bbox 549 1903 567 1924; x_wconf 90' lang='lat' dir='ltr'>a</span> <span class='ocrx_word' id='word_1_393' title='bbox 579 1889 675 1925; x_wconf 86' lang='lat' dir='ltr'>nobis</span> <span class='ocrx_word' id='word_1_394' title='bbox 691 1887 758 1925; x_wconf 76' lang='lat' dir='ltr'>fine</span> <span class='ocrx_word' id='word_1_395' title='bbox 772 1891 813 1926; x_wconf 90' lang='lat' dir='ltr'>ab</span> <span class='ocrx_word' id='word_1_396' title='bbox 833 1893 867 1925; x_wconf 87' lang='lat' dir='ltr'>iis</span> <span class='ocrx_word' id='word_1_397' title='bbox 879 1919 888 1932; x_wconf 82' lang='lat'>,</span> <span class='ocrx_word' id='word_1_398' title='bbox 915 1892 1030 1940; x_wconf 88' lang='lat' dir='ltr'>quibus</span> <span class='ocrx_word' id='word_1_399' title='bbox 1044 1904 1084 1927; x_wconf 91' lang='lat' dir='ltr'>ex</span> <span class='ocrx_word' id='word_1_400' title='bbox 1101 1895 1255 1928; x_wconf 77' lang='lat' dir='ltr'>tenuitate</span> <span class='ocrx_word' id='word_1_401' title='bbox 1269 1891 1378 1928; x_wconf 71' lang='lat' dir='ltr'>nostra</span> <span class='ocrx_word' id='word_1_402' title='bbox 1394 1892 1566 1944; x_wconf 70' lang='lat' dir='ltr'>quidpiam</span> <span class='ocrx_word' id='word_1_403' title='bbox 1584 1895 1725 1932; x_wconf 74' lang='lat' dir='ltr'>Vtilitatis</span> <span class='ocrx_word' id='word_1_404' title='bbox 1743 1908 1773 1932; x_wconf 88' lang='lat' dir='ltr'>et</span> <span class='ocrx_word' id='word_1_405' title='bbox 1789 1895 1918 1933; x_wconf 60' lang='lat' dir='ltr'>fructus</span> 
     </span>
     <span class='ocr_line' id='line_1_34' title="bbox 172 1939 1919 1991; baseline 0.004 -14"><span class='ocrx_word' id='word_1_406' title='bbox 172 1943 362 1988; x_wconf 76' lang='lat' dir='ltr'>obuenerit,</span> <span class='ocrx_word' id='word_1_407' title='bbox 391 1951 565 1991; x_wconf 85' lang='lat' dir='ltr'>acceptum</span> <span class='ocrx_word' id='word_1_408' title='bbox 581 1939 752 1978; x_wconf 85' lang='lat' dir='ltr'>referatur.</span> <span class='ocrx_word' id='word_1_409' title='bbox 808 1944 919 1979; x_wconf 88' lang='lat' dir='ltr'>Huius</span> <span class='ocrx_word' id='word_1_410' title='bbox 940 1946 1018 1980; x_wconf 85' lang='lat' dir='ltr'>item</span> <span class='ocrx_word' id='word_1_411' title='bbox 1039 1945 1204 1981; x_wconf 78' lang='lat' dir='ltr'>beneflcio</span> <span class='ocrx_word' id='word_1_412' title='bbox 1221 1944 1283 1980; x_wconf 87' lang='lat' dir='ltr'>alia</span> <span class='ocrx_word' id='word_1_413' title='bbox 1301 1958 1361 1980; x_wconf 81' lang='lat' dir='ltr'>nos</span> <span class='ocrx_word' id='word_1_414' title='bbox 1377 1944 1546 1982; x_wconf 87' lang='lat' dir='ltr'>literarum</span> <span class='ocrx_word' id='word_1_415' title='bbox 1568 1960 1789 1985; x_wconf 86' lang='lat' dir='ltr'>monumenta</span> <span class='ocrx_word' id='word_1_416' title='bbox 1813 1951 1847 1984; x_wconf 89' lang='lat' dir='ltr'>in</span> <span class='ocrx_word' id='word_1_417' title='bbox 1869 1949 1919 1984; x_wconf 86' lang='lat' dir='ltr'>lu-</span> 
     </span>
     <span class='ocr_line' id='line_1_35' title="bbox 172 1994 1919 2046; baseline 0.004 -16"><span class='ocrx_word' id='word_1_418' title='bbox 172 2008 246 2031; x_wconf 85' lang='lat' dir='ltr'>cem</span> <span class='ocrx_word' id='word_1_419' title='bbox 264 1996 414 2030; x_wconf 82' lang='lat' dir='ltr'>emittere</span> <span class='ocrx_word' id='word_1_420' title='bbox 429 2006 486 2042; x_wconf 80' lang='lat' dir='ltr'>per</span> <span class='ocrx_word' id='word_1_421' title='bbox 501 1995 608 2029; x_wconf 88' lang='lat' dir='ltr'>otium</span> <span class='ocrx_word' id='word_1_422' title='bbox 632 2005 804 2041; x_wconf 82' lang='lat' dir='ltr'>paramus:</span> <span class='ocrx_word' id='word_1_423' title='bbox 831 1999 865 2032; x_wconf 87' lang='lat' dir='ltr'>in</span> <span class='ocrx_word' id='word_1_424' title='bbox 882 1997 997 2045; x_wconf 91' lang='lat' dir='ltr'>quibus</span> <span class='ocrx_word' id='word_1_425' title='bbox 1025 1997 1194 2039; x_wconf 72' lang='lat' dir='ltr'>Theodori,</span> <span class='ocrx_word' id='word_1_426' title='bbox 1220 1994 1466 2046; x_wconf 83' lang='lat' dir='ltr'>Mopsuesseni‚</span> <span class='ocrx_word' id='word_1_427' title='bbox 1503 2002 1756 2036; x_wconf 84' lang='lat' dir='ltr'>Commentaria</span> <span class='ocrx_word' id='word_1_428' title='bbox 1779 2002 1812 2036; x_wconf 91' lang='lat' dir='ltr'>in</span> <span class='ocrx_word' id='word_1_429' title='bbox 1835 1999 1919 2037; x_wconf 89' lang='lat' dir='ltr'>duo-</span> 
     </span>
     <span class='ocr_line' id='line_1_36' title="bbox 172 2046 1919 2101; baseline 0.002 -17"><span class='ocrx_word' id='word_1_430' title='bbox 172 2047 280 2084; x_wconf 80' lang='lat' dir='ltr'>decim</span> <span class='ocrx_word' id='word_1_431' title='bbox 304 2048 497 2096; x_wconf 66' lang='lat' dir='ltr'>proplaetas:</span> <span class='ocrx_word' id='word_1_432' title='bbox 550 2046 696 2081; x_wconf 71' lang='lat' dir='ltr'>Philonis</span> <span class='ocrx_word' id='word_1_433' title='bbox 720 2048 890 2096; x_wconf 83' lang='lat' dir='ltr'>Carpathii</span> <span class='ocrx_word' id='word_1_434' title='bbox 917 2050 952 2083; x_wconf 81' lang='lat' dir='ltr'>in</span> <span class='ocrx_word' id='word_1_435' title='bbox 980 2051 1120 2084; x_wconf 84' lang='lat' dir='ltr'>Cantica</span> <span class='ocrx_word' id='word_1_436' title='bbox 1142 2052 1286 2097; x_wconf 81' lang='lat' dir='ltr'>genuina</span> <span class='ocrx_word' id='word_1_437' title='bbox 1309 2053 1568 2094; x_wconf 76' lang='lat' dir='ltr'>conuiientaria3</span> <span class='ocrx_word' id='word_1_438' title='bbox 1605 2052 1759 2099; x_wconf 59' lang='lat' dir='ltr'>Hffythii</span> <span class='ocrx_word' id='word_1_439' title='bbox 1783 2055 1815 2088; x_wconf 90' lang='lat' dir='ltr'>in</span> <span class='ocrx_word' id='word_1_440' title='bbox 1836 2050 1919 2101; x_wconf 88' lang='lat' dir='ltr'>psal-</span> 
     </span>
     <span class='ocr_line' id='line_1_37' title="bbox 174 2098 1918 2150; baseline 0.002 -14"><span class='ocrx_word' id='word_1_441' title='bbox 174 2114 266 2137; x_wconf 76' lang='lat' dir='ltr'>mos:</span> <span class='ocrx_word' id='word_1_442' title='bbox 293 2111 376 2149; x_wconf 87' lang='lat' dir='ltr'>quae</span> <span class='ocrx_word' id='word_1_443' title='bbox 402 2099 518 2134; x_wconf 80' lang='lat' dir='ltr'>omnia</span> <span class='ocrx_word' id='word_1_444' title='bbox 542 2109 583 2132; x_wconf 90' lang='lat' dir='ltr'>ex</span> <span class='ocrx_word' id='word_1_445' title='bbox 609 2098 814 2134; x_wconf 77' lang='lat' dir='ltr'>bibliothecis</span> <span class='ocrx_word' id='word_1_446' title='bbox 835 2103 1000 2145; x_wconf 75' lang='lat' dir='ltr'>eruimus3</span> <span class='ocrx_word' id='word_1_447' title='bbox 1036 2111 1068 2136; x_wconf 85' lang='lat' dir='ltr'>et</span> <span class='ocrx_word' id='word_1_448' title='bbox 1088 2100 1150 2136; x_wconf 81' lang='lat' dir='ltr'>alia</span> <span class='ocrx_word' id='word_1_449' title='bbox 1177 2113 1332 2150; x_wconf 88' lang='lat' dir='ltr'>quoque,</span> <span class='ocrx_word' id='word_1_450' title='bbox 1364 2099 1388 2135; x_wconf 77' lang='lat' dir='ltr'>st</span> <span class='ocrx_word' id='word_1_451' title='bbox 1411 2102 1495 2137; x_wconf 86' lang='lat' dir='ltr'>votis</span> <span class='ocrx_word' id='word_1_452' title='bbox 1523 2101 1644 2138; x_wconf 77' lang='lat' dir='ltr'>nostris</span> <span class='ocrx_word' id='word_1_453' title='bbox 1672 2102 1792 2140; x_wconf 86' lang='lat' dir='ltr'>fauerit</span> <span class='ocrx_word' id='word_1_454' title='bbox 1816 2105 1918 2140; x_wconf 71' lang='lat' dir='ltr'>Deus.</span> 
     </span>
     <span class='ocr_line' id='line_1_38' title="bbox 172 2148 1919 2205; baseline 0.002 -16"><span class='ocrx_word' id='word_1_455' title='bbox 172 2153 246 2190; x_wconf 72' lang='lat' dir='ltr'>Nos</span> <span class='ocrx_word' id='word_1_456' title='bbox 263 2155 341 2188; x_wconf 83' lang='lat' dir='ltr'>item</span> <span class='ocrx_word' id='word_1_457' title='bbox 356 2150 503 2186; x_wconf 86' lang='lat' dir='ltr'>multum</span> <span class='ocrx_word' id='word_1_458' title='bbox 522 2148 640 2185; x_wconf 82' lang='lat' dir='ltr'>debere</span> <span class='ocrx_word' id='word_1_459' title='bbox 658 2150 856 2198; x_wconf 83' lang='lat' dir='ltr'>profitemur</span> <span class='ocrx_word' id='word_1_460' title='bbox 872 2153 1044 2194; x_wconf 76' lang='lat' dir='ltr'>Clcmmti,</span> <span class='ocrx_word' id='word_1_461' title='bbox 1072 2151 1290 2188; x_wconf 83' lang='lat' dir='ltr'>bibliothecae</span> <span class='ocrx_word' id='word_1_462' title='bbox 1304 2154 1414 2201; x_wconf 80' lang='lat' dir='ltr'>regiae</span> <span class='ocrx_word' id='word_1_463' title='bbox 1429 2153 1570 2197; x_wconf 79' lang='lat' dir='ltr'>custodi,</span> <span class='ocrx_word' id='word_1_464' title='bbox 1598 2158 1653 2205; x_wconf 85' lang='lat' dir='ltr'>qui</span> <span class='ocrx_word' id='word_1_465' title='bbox 1671 2156 1767 2192; x_wconf 88' lang='lat' dir='ltr'>nobis</span> <span class='ocrx_word' id='word_1_466' title='bbox 1782 2158 1919 2193; x_wconf 87' lang='lat' dir='ltr'>huiusce</span> 
     </span>
     <span class='ocr_line' id='line_1_39' title="bbox 175 2200 1918 2259; baseline 0.002 -19"><span class='ocrx_word' id='word_1_467' title='bbox 175 2216 251 2240; x_wconf 74' lang='lat' dir='ltr'>vere</span> <span class='ocrx_word' id='word_1_468' title='bbox 274 2206 380 2252; x_wconf 80' lang='lat' dir='ltr'>regiae</span> <span class='ocrx_word' id='word_1_469' title='bbox 401 2200 609 2252; x_wconf 67' lang='lat' dir='ltr'>supelltcshlis</span> <span class='ocrx_word' id='word_1_470' title='bbox 633 2200 672 2236; x_wconf 88' lang='lat' dir='ltr'>ad</span> <span class='ocrx_word' id='word_1_471' title='bbox 699 2213 815 2239; x_wconf 89' lang='lat' dir='ltr'>nutum</span> <span class='ocrx_word' id='word_1_472' title='bbox 835 2208 968 2253; x_wconf 90' lang='lat' dir='ltr'>copiam</span> <span class='ocrx_word' id='word_1_473' title='bbox 987 2203 1083 2241; x_wconf 87' lang='lat' dir='ltr'>fecit:</span> <span class='ocrx_word' id='word_1_474' title='bbox 1112 2218 1173 2240; x_wconf 85' lang='lat' dir='ltr'>nec</span> <span class='ocrx_word' id='word_1_475' title='bbox 1189 2207 1300 2240; x_wconf 84' lang='lat' dir='ltr'>minus</span> <span class='ocrx_word' id='word_1_476' title='bbox 1315 2204 1369 2240; x_wconf 89' lang='lat' dir='ltr'>Cl.</span> <span class='ocrx_word' id='word_1_477' title='bbox 1390 2206 1545 2240; x_wconf 73' lang='lat' dir='ltr'>Boiainio</span> <span class='ocrx_word' id='word_1_478' title='bbox 1566 2206 1658 2243; x_wconf 81' lang='lat' dir='ltr'>alteri</span> <span class='ocrx_word' id='word_1_479' title='bbox 1678 2207 1824 2253; x_wconf 77' lang='lat' dir='ltr'>custodi,</span> <span class='ocrx_word' id='word_1_480' title='bbox 1859 2210 1918 2259; x_wconf 84' lang='lat' dir='ltr'>qui</span> 
     </span>
     <span class='ocr_line' id='line_1_40' title="bbox 172 2254 1916 2306; baseline 0.002 -14"><span class='ocrx_word' id='word_1_481' title='bbox 172 2255 365 2304; x_wconf 82' lang='lat' dir='ltr'>catalogum</span> <span class='ocrx_word' id='word_1_482' title='bbox 381 2267 522 2304; x_wconf 84' lang='lat' dir='ltr'>operum</span> <span class='ocrx_word' id='word_1_483' title='bbox 538 2255 569 2288; x_wconf 85' lang='lat' dir='ltr'>S.</span> <span class='ocrx_word' id='word_1_484' title='bbox 586 2254 778 2304; x_wconf 81' lang='lat' dir='ltr'>Nicephori‚</span> <span class='ocrx_word' id='word_1_485' title='bbox 801 2257 842 2292; x_wconf 88' lang='lat' dir='ltr'>ab</span> <span class='ocrx_word' id='word_1_486' title='bbox 859 2254 890 2293; x_wconf 89' lang='lat' dir='ltr'>se</span> <span class='ocrx_word' id='word_1_487' title='bbox 905 2255 1141 2294; x_wconf 78' lang='lat' dir='ltr'>accuratiffime</span> <span class='ocrx_word' id='word_1_488' title='bbox 1150 2259 1399 2298; x_wconf 78' lang='lat' dir='ltr'>concinnatum,</span> <span class='ocrx_word' id='word_1_489' title='bbox 1417 2258 1512 2294; x_wconf 89' lang='lat' dir='ltr'>nobis</span> <span class='ocrx_word' id='word_1_490' title='bbox 1522 2260 1770 2306; x_wconf 78' lang='lat' dir='ltr'>perhumaniter</span> <span class='ocrx_word' id='word_1_491' title='bbox 1785 2262 1916 2303; x_wconf 79' lang='lat' dir='ltr'>obtulit,</span> 
     </span>
     <span class='ocr_line' id='line_1_41' title="bbox 175 2305 1920 2363; baseline 0.002 -19"><span class='ocrx_word' id='word_1_492' title='bbox 175 2306 261 2344; x_wconf 78' lang='lat' dir='ltr'>vnde</span> <span class='ocrx_word' id='word_1_493' title='bbox 282 2305 495 2357; x_wconf 61' lang='lat' dir='ltr'>prospectum</span> <span class='ocrx_word' id='word_1_494' title='bbox 515 2305 687 2349; x_wconf 67' lang='lat' dir='ltr'>nostrum,</span> <span class='ocrx_word' id='word_1_495' title='bbox 718 2315 751 2342; x_wconf 88' lang='lat' dir='ltr'>et</span> <span class='ocrx_word' id='word_1_496' title='bbox 771 2320 812 2343; x_wconf 81' lang='lat' dir='ltr'>ex</span> <span class='ocrx_word' id='word_1_497' title='bbox 834 2307 910 2360; x_wconf 79' lang='lat' dir='ltr'>ipfis</span> <span class='ocrx_word' id='word_1_498' title='bbox 932 2307 1115 2347; x_wconf 66' lang='lat' dir='ltr'>codsscibus,</span> <span class='ocrx_word' id='word_1_499' title='bbox 1150 2309 1395 2346; x_wconf 85' lang='lat' dir='ltr'>adornauimus.</span> <span class='ocrx_word' id='word_1_500' title='bbox 1455 2311 1575 2363; x_wconf 82' lang='lat' dir='ltr'>Neque</span> <span class='ocrx_word' id='word_1_501' title='bbox 1598 2311 1753 2349; x_wconf 84' lang='lat' dir='ltr'>tacendus</span> <span class='ocrx_word' id='word_1_502' title='bbox 1777 2312 1920 2348; x_wconf 64' lang='lat' dir='ltr'>Mithri!</span> 
     </span>
     <span class='ocr_line' id='line_1_42' title="bbox 1041 2362 1919 2412; baseline 0.005 -15"><span class='ocrx_word' id='word_1_503' title='bbox 1041 2362 1078 2397; x_wconf 81' lang='lat' dir='ltr'>H</span> <span class='ocrx_word' id='word_1_504' title='bbox 1091 2362 1113 2397; x_wconf 73' lang='lat' dir='ltr'>h</span> <span class='ocrx_word' id='word_1_505' title='bbox 1128 2362 1187 2397; x_wconf 88' lang='lat' dir='ltr'>hh</span> <span class='ocrx_word' id='word_1_506' title='bbox 1211 2373 1230 2397; x_wconf 79' lang='lat' dir='ltr'>a</span> <span class='ocrx_word' id='word_1_507' title='bbox 1779 2365 1919 2412; x_wconf 69' lang='lat' dir='ltr'>chuien</span> 
     </span>
    </p>
   </div>
   <div class='ocr_carea' id='block_1_3' title="bbox 215 2467 1388 2515">
    <p class='ocr_par' dir='ltr' id='par_1_3' title="bbox 215 2467 1388 2515">
     <span class='ocr_line' id='line_1_43' title="bbox 215 2467 1388 2515; baseline 0.002 -14"><span class='ocrx_word' id='word_1_508' title='bbox 215 2469 251 2505; x_wconf 69' lang='lat' dir='ltr'>a)</span> <span class='ocrx_word' id='word_1_509' title='bbox 274 2467 434 2501; x_wconf 75' lang='lat' dir='ltr'>Addendu·</span> <span class='ocrx_word' id='word_1_510' title='bbox 448 2467 543 2501; x_wconf 80' lang='lat' dir='ltr'>codex</span> <span class='ocrx_word' id='word_1_511' title='bbox 554 2468 630 2501; x_wconf 79' lang='lat' dir='ltr'>bibl.</span> <span class='ocrx_word' id='word_1_512' title='bbox 653 2467 869 2509; x_wconf 70' lang='lat' dir='ltr'>coislinianae,</span> <span class='ocrx_word' id='word_1_513' title='bbox 892 2471 929 2503; x_wconf 85' lang='lat' dir='ltr'>de</span> <span class='ocrx_word' id='word_1_514' title='bbox 944 2482 1006 2515; x_wconf 79' lang='lat' dir='ltr'>quo</span> <span class='ocrx_word' id='word_1_515' title='bbox 1021 2471 1255 2505; x_wconf 71' lang='lat' dir='ltr'>Monrfauconns</span> <span class='ocrx_word' id='word_1_516' title='bbox 1275 2482 1304 2515; x_wconf 86' lang='lat' dir='ltr'>p.</span> <span class='ocrx_word' id='word_1_517' title='bbox 1324 2479 1388 2510; x_wconf 76' lang='lat'>¹43.</span> 
     </span>
    </p>
   </div>
  </div>
 </body>
</html>
