2109 2761
107 119 458 157 v01.vn.p.⁶;m5⁸
511 117 709 155 orrnvM
734 112 992 151 Enmours
1019 79 1442 149 GRAECO-LATINAE
1494 103 1623 142 Lim).
1640 100 1745 140 axz.
1800 105 1856 146 581

208 227 325 267 genter
346 212 587 265 percensentur
605 227 622 249 a
641 212 768 247 Labbeo
790 206 863 245 diss.
890 207 932 244 de
958 204 1171 257 scriptoribus
1191 202 1414 240 ecclesiasticis
1436 210 1520 236 tom.
1541 202 1568 234 1.
1590 212 1665 248 pag.
1692 208 1761 243 527.
1785 181 1855 246 sqq·

207 267 386 306 Recensuit
405 271 504 303 etiam
523 264 638 302 eadem
653 259 942 314 praestantissimus
959 259 1100 298 Canem,
1135 256 1256 294 collata
1272 254 1438 291 Sauiliana
1461 251 1630 292 editione,
1659 259 1690 285 et
1710 245 1854 299 Cffvzir‘

210 323 364 358 Oudinus
378 329 461 356 tom.
479 321 505 354 1.
521 331 553 367 p.
572 329 651 361 700.
667 315 737 366 sqq.

105 401 196 445 1636.
214 398 341 435 Parisiis
356 394 386 440 ⁶³)
402 393 490 444 apud
509 394 670 431 Carolum
685 390 876 430 Morellum
892 399 924 426 et
936 389 1010 425 Seb.
1026 385 1252 425 Cramoifium
1271 381 1375 420 recusi
1392 380 1466 419 sunt
1485 390 1515 416 et
1531 378 1732 429 posteriores
1750 377 1796 416 hi,
1826 384 1859 409 er

207 453 293 487 tomi
316 451 482 498 primores
503 444 577 489 sex,
612 459 696 496 quos
721 447 893 480 Frontone
912 444 1052 479 Ducaeo
1081 440 1140 488 [if]
1169 448 1304 483 curante
1326 434 1479 484 vulgatos
1501 436 1567 467 iam
1585 429 1663 466 dixi,
1718 430 1857 464 Hancce

208 502 413 541 editionem,
440 499 519 535 licet
541 498 631 535 velut
654 500 763 533 minus
783 492 1013 534 emendatam,
1042 505 1115 528 non
1129 493 1209 526 tanti
1225 503 1262 524 ac
1277 491 1426 536 priorem
1444 482 1550 520 facere
1569 480 1675 518 solent
1692 480 1855 528 plerique„

210 564 323 591 tamen
337 548 608 588 Montfaueonus
633 559 729 586 notat
749 549 861 584 charta
886 543 1023 596 quidem
1045 546 1156 579 minus
1179 541 1323 591 eleganti
1346 535 1536 587 impressam
1557 532 1640 575 esse,
1668 530 1723 568 sed
1744 533 1858 579 vtique

209 607 318 657 priori
334 602 610 645 emendatiorem,
637 604 785 638 maxime
801 603 836 635 in
850 602 877 641 1,
906 601 966 639 lv,
994 607 1026 633 et
1040 599 1082 633 V.
1101 605 1210 630 tomo.

106 687 202 731 1698.
220 681 401 720 duodecim
419 680 592 717 volumina
605 677 807 723 Parisienfiaj
831 674 963 713 seruatis
978 677 1178 725 paginarum
1197 671 1362 709 numeris,
1389 664 1462 711 (sed
1477 668 1532 707 ita,
1553 673 1587 699 vt
1605 659 1751 711 singulae
1766 658 1857 693 binas

212 738 432 784 exprimant.)
459 731 664 768 emendatius
686 728 793 766 recusa
807 727 881 766 sunt
894 724 1106 765 Francofurti
1129 721 1218 772 apud
1235 718 1452 757 Balthasarem
1467 716 1753 763 christophorum
1769 713 1856 746 &Vu-

209 787 310 824 stium
328 789 369 830 ⁶).
412 786 580 821 'Ceterum
601 794 710 819 tomus
725 780 966 830 supplementi,
996 781 1088 814 euius
1103 775 1193 825 spem
1211 771 1291 810 fecit
1309 774 1368 808 W.
1389 773 1429 806 E.
1445 767 1642 805 Tentzelius
1661 768 1697 800 in
1714 762 1857 812 dialogis

211 837 387 876 menstruis
404 852 433 874 a.
450 839 544 881 1698.
562 849 638 884 pag.
654 845 734 877 440.
751 846 823 867 non
840 831 923 866 vidit
936 831 1059 866 lucem.
1111 829 1213 863 Fabr-

275 912 379 960 [Edit.
400 911 629 958 Jlslontfiiucon.
652 913 720 945 iam
745 906 839 956 supra
858 908 955 944 latius
979 902 1136 942 recensui.
1196 900 1284 938 Vide
1308 903 1406 936 etiam
1429 897 1470 934 de
1487 896 1544 933 illa
1559 893 1742 931 Nouvelles
1762 890 1802 927 de
1827 890 1859 926 la

106 965 253 1016 Republ.
276 963 333 1000 des
356 967 493 1007 Lettres,
519 965 592 999 Mai
607 973 638 998 et
657 964 727 997 Iun.
747 967 834 1004 1718.
857 973 888 1009 p,
906 971 982 1003 309.
1000 969 1031 993 et
1050 954 1187 993 Iournal
1205 953 1262 989 des
1277 955 1411 993 savam,
1441 953 1510 985 Ian.
1533 954 1620 992 ¹718·
1639 957 1721 982 tom.
1737 945 1858 980 LXIII.

107 1032 184 1070 pag.
208 1025 263 1062 84.
285 1029 316 1053 et
336 1028 404 1062 537.

277 1093 452 1130 Homiliae
468 1094 501 1126 in
521 1094 562 1127 V.
577 1098 610 1125 et
627 1091 670 1126 N.
688 1089 735 1125 T.
751 1098 834 1124 tom.
853 1090 878 1126 1.
896 1099 1024 1136 graece,
1051 1081 1140 1120 haud
1160 1086 1201 1118 ita
1219 1079 1350 1131 pridem
1368 1076 1493 1129 prodiit
1510 1051 1655 1113 Venetiis
1672 1077 1707 1110 in
1722 1082 1859 1121 typogr.

109 1150 228 1186 Panos.
252 1143 462 1183 Theodosii:
491 1142 610 1193 reliqui
632 1140 816 1191 sequentur.
836 1138 902 1174 vid.
921 1136 1006 1187 Lips.
1021 1139 1060 1172 A.
1077 1138 1112 1172 L.
1136 1138 1219 1171 Anz.
1237 1139 1323 1173 1801.
1338 1145 1414 1182 pag.
1432 1132 1526 1174 1629.

278 1226 319 1259 In
334 1222 444 1258 Andr.
463 1221 631 1258 Gallandii
646 1218 729 1254 Bibl.
745 1229 885 1266 graeco·
897 1215 952 1251 lat.
969 1224 1119 1250 veterum
1138 1222 1269 1262 patrum
1284 1220 1344 1246 etc.
1363 1207 1436 1245 sunt
1451 1207 1519 1243 vol.
1538 1207 1630 1242 VIII.
1645 1214 1720 1253 pag.
1737 1211 1810 1245 239.
1827 1207 1859 1234 et

109 1282 199 1316 XIV.
225 1290 256 1326 p.
274 1277 340 1319 136.
360 1278 395 1325 in
415 1271 559 1323 adpend.
577 1270 693 1320 scripta
713 1268 876 1319 quaedam
891 1265 1061 1313 Chrysoss.
1079 1278 1163 1315 quae
1184 1262 1300 1300 absunt
1319 1272 1385 1298 tam
1400 1275 1417 1296 a
1431 1257 1585 1300 Parifina,
1600 1268 1701 1307 quam
1715 1268 1732 1289 a
1747 1248 1857 1302 Lugd-

111 1331 326 1366 bibliotheca.

281 1406 333 1440 Dc
353 1401 482 1450 epistola
503 1403 547 1437 ad
563 1399 766 1448 Caesarium,
793 1398 996 1437 monachum,
1024 1408 1078 1430 me
1099 1397 1165 1430 iam
1181 1390 1275 1442 supra
1295 1387 1351 1436 [ad
1370 1403 1400 1438 p.
1419 1390 1489 1434 635.
1509 1386 1560 1423 ed.
1577 1385 1657 1432 vet]
1675 1395 1772 1434 agere
1789 1393 1858 1416 me·

111 1461 206 1496 mini.
259 1455 377 1497 Edita,
405 1461 450 1494 (at
472 1453 578 1490 statim
595 1448 775 1501 suppressa)
797 1449 841 1484 est
863 1451 903 1484 ab
916 1451 1026 1484 Emer.
1055 1449 1188 1494 Bigotio
1211 1458 1260 1493 gr.
1280 1453 1311 1478 et
1331 1442 1384 1477 lat.
1403 1454 1483 1477 cum
1499 1436 1637 1475 Palladii
1655 1435 1795 1483 dialogo
1819 1431 1861 1466 de

111 1514 177 1546 vita
195 1507 450 1554 Chrysossomi3
476 1503 646 1554 separatim
663 1517 711 1553 gr.
727 1512 757 1537 et
777 1502 832 1538 lat.
856 1516 875 1536 a
891 1501 1058 1548 Bafizagio
1075 1498 1224 1533 'I'raiefti
1246 1494 1287 1530 ad
1303 1496 1414 1530 Rhen.
1435 1494 1525 1535 1687.
1541 1497 1572 1531 8.
1600 1509 1649 1515 —-
1677 1502 1694 1522 a
1710 1489 1756 1521 Ia.
1774 1483 1861 1519 Har-

113 1564 230 1603 dumo,
258 1573 336 1596 cum
353 1561 442 1594 notis
465 1572 501 1593 ac
520 1554 590 1592 diss.
616 1555 656 1591 de
672 1553 877 1591 sacramento
898 1553 1017 1588 altaris.
1039 1547 1134 1586 Paris.
1154 1550 1246 1592 168⁷).
1264 1559 1296 1590 4.
1322 1566 1372 1573 -—
1400 1558 1463 1580 rec.
1481 1547 1513 1579 in
1531 1545 1599 1578 eius
1617 1543 1706 1588 Opp.
1723 1536 1861 1575 selectis,

113 1614 248 1651 Amssel.
269 1623 366 1657 ¹709·
384 1608 445 1647 fol.
466 1618 500 1660 p‘.
516 1620 590 1655 ²39-
606 1606 677 1658 sqq.
704 1626 753 1634 —
783 1608 912 1642 Contra
935 1603 1032 1640 illum
1055 1601 1225 1638 ventilauit
1243 1597 1372 1646 Cir-isti.
1392 1593 1484 1634 Guil.
1504 1593 1658 1633 Volland.
1677 1587 1861 1674 dispdvin-

1104 1651 1199 1691 Ddd
1211 1650 1233 1687 d
1258 1662 1278 1695 3
1783 1641 1865 1674 iciae

160 1795 198 1832 d)
222 1796 258 1824 In
274 1793 364 1823 huius
387 1789 532 1820 editionis
556 1794 665 1829 quarto
689 1792 719 1816 et
741 1788 851 1828 quinto
874 1792 960 1816 tomo
1013 1782 1106 1815 Paris.
1124 1793 1172 1824 ap.
1192 1780 1300 1812 Sebast.
1317 1775 1603 1815 ctamoisyiypogr.
1620 1771 1737 1807 regium
1747 1767 1863 1799 MDC-

116 1838 219 1871 addita
249 1833 395 1866 nonnulla
411 1856 420 1870 ,
464 1842 541 1874 quae
568 1834 600 1861 in
623 1832 728 1871 priore
754 1829 962 1861 desiderantur
1015 1829 1152 1859 XXXVI.
1197 1824 1358 1855 Dedicatio
1382 1830 1411 1850 et
1433 1817 1585 1861 praefatio
1606 1815 1734 1856 scriptae
1758 1810 1824 1839 suut
1846 1817 1865 1837 a

115 1880 319 1917 Chmsostomi
348 1875 502 1919 opuscula.
568 1873 624 1905 Sed
653 1879 738 1902 notas
761 1875 792 1902 in
820 1880 962 1913 qum-tum
1015 1868 1131 1901 Carolo
1155 1867 1267 1900 Morel.
1316 1863 1412 1897 Harl.

116 1934 234 1956 tomum
254 1930 283 1952 et
307 1920 426 1961 aliquot
440 1917 588 1953 chrysost.
614 1915 759 1958 opuscula
779 1915 872 1945 latine
897 1923 961 1944 tan-

117 1978 180 1999 tum
199 1976 284 1996 tomo
309 1965 416 2005 quinio
439 1961 507 1992 cusa
529 1960 630 1990 editor
652 1961 763 1989 omitit.
795 1958 892 1989 Fabr.
919 1972 961 1980 -
1058 1957 1091 1992 e)
1113 1957 1201 1986 Hanc
1221 1951 1294 1982 edit.
1313 1957 1446 1981 curatam
1465 1946 1525 1978 effe
1545 1952 1575 1976 et
1589 1942 1718 1975 renisam
1735 1949 1751 1969 a
1766 1937 1864 1970 Caro·

116 2010 278 2050 Inscriptio
309 2009 384 2037 haec
404 2007 458 2035 est:
488 2022 528 2028 —
552 2020 596 2027 —-
617 2004 667 2036 Io.
696 2000 897 2043 Clirysiqftomi
921 2015 963 2024 -
1015 1999 1045 2029 lo
1062 1997 1219 2034 Desiderio
1230 1995 1357 2036 Rogrro
1376 1993 1412 2025 de
1426 1989 1634 2025 Nommeceim
1655 1982 1774 2017 Theol-
1793 1989 1822 2011 et
1837 1984 1864 2011 Ι·

116 2050 338 2086 commentaria
361 2049 393 2080 in
417 2049 460 2081 N.
480 2048 512 2079 T.
535 2047 567 2078 in
585 2045 645 2088 sex
671 2051 768 2077 tomos
789 2045 965 2078 distributa.
1015 2045 1054 2073 V.
1072 2044 1107 2073 D.
1124 2040 1267 2070 discimus
1282 2049 1319 2069 ex
1333 2039 1398 2068 eius
1413 2034 1540 2079 epistola
1555 2032 1593 2064 ad
1609 2030 1795 2062 Clementem
1810 2026 1865 2055 XI.

117 2101 232 2130 Graece
248 2103 277 2124 et
303 2093 354 2123 lat.
376 2092 561 2123 coniunctim
593 2091 672 2120 edita
697 2100 732 2120 ex
752 2090 895 2118 biblioth.
919 2105 964 2111 -—
1016 2086 1192 2127 pontificem
1215 2094 1293 2113 rom.
1314 2080 1538 2121 nuncupatoria
1560 2084 1655 2116 eaque
1677 2072 1768 2101 nimis
1789 2067 1865 2098 adu-

114 2143 195 2179 xegis
212 2149 241 2169 et
257 2135 442 2168 liberalitate
456 2133 749 2175 reu-*episcoporum
767 2140 798 2162 et
811 2131 884 2162 cleri
896 2132 963 2161 vui-
1015 2128 1146 2163 latoria,
1170 2126 1238 2157 dam
1255 2125 1449 2158 NVorinatiae
1469 2132 1496 2152 a.
1515 2130 1598 2159 ¹70¹-
1644 2119 1749 2152 Longa
1771 2112 1865 2141 huius

117 2185 194 2217 veis!
216 2182 361 2213 Franciae
382 2181 468 2216 regni
493 2176 636 2218 impensi:-
684 2176 799 2206 Fronro
820 2175 914 2206 Dura,
926 2183 963 2204 us
1015 2171 1088 2202 edit.
1105 2170 1230 2201 censura
1244 2169 1355 2206 legitur
1371 2175 1402 2197 et
1416 2166 1454 2196 de
1468 2162 1590 2202 nugulis
1605 2170 1678 2202 opp.
1693 2162 1865 2195 eorumque

117 2224 360 2262 Burdegilenib,
386 2224 411 2252 S.
430 2225 453 2251 1.
477 2221 638 2256 theologus
655 2221 807 2249 variantes
827 2218 904 2248 lcc‘h.
926 2228 962 2247 ex
1014 2214 1252 2255 interpretibus,
1271 2221 1404 2253 quorum
1418 2209 1570 2240 verfiones
1584 2207 1619 2235 in
1635 2206 1691 2234 hac
1707 2199 1779 2230 edit.
1797 2197 1866 2227 sunt

116 2271 198 2302 MSS.
219 2267 308 2300 codd.
332 2275 430 2295 erni-ns
454 2263 575 2300 seiz-git,
612 2271 746 2292 veterem
771 2264 959 2303 interpr-emt.
1015 2265 1173 2298 receptae,
1203 2256 1332 2286 vbertim
1357 2255 1488 2291 agitur-a
1506 2251 1551 2282 Io.
1572 2247 1695 2280 Fabric.
1713 2247 1745 2274 in
1770 2242 1864 2272 histo-

119 2313 270 2343 editarum
294 2309 370 2339 oiim
395 2306 593 2338 homiliarum
618 2306 786 2341 recensuit,
831 2305 959 2335 aliarum
1015 2304 1060 2331 ria
1084 2299 1156 2332 bibl,
1182 2300 1299 2330 Fabiic.
1324 2306 1402 2340 part.
1422 2299 1444 2327 Ι.
1468 2305 1536 2337 pag.
1557 2303 1602 2323 ιιι
1620 2307 1662 2315 ·-
1679 2299 1739 2325 134·
1784 2282 1861 2315 Add.

119 2366 232 2388 nemun
246 2353 354 2390 edidit,
378 2359 421 2384 vti
428 2360 537 2393 amque
553 2348 714 2380 illustrauit
732 2357 808 2380 tom.
820 2351 834 2379 1
848 2365 892 2372 —
905 2350 961 2380 Vl.
1016 2345 1147 2378 Clement
1163 2341 1240 2374 Bibl.
1256 2339 1393 2372 curiense
1408 2346 1466 2371 etc.
1481 2341 1549 2370 Vll.
1559 2347 1590 2379 p.
1600 2345 1661 2367 101.
1678 2339 1743 2363 not,
1768 2325 1863 2359 Hart-
