2109 2761
62 126 158 157 Vol-V
178 126 282 160 λῦμ’
569 124 766 162 CODICES
793 121 1024 161 CHRONICI
1051 123 1274 162 ZONARAE.
1455 122 1531 158 Lib.
1552 121 1596 159 V.
1623 135 1646 158 c.
1665 123 1694 158 Ι.
1749 126 1811 167 467

54 222 242 272 mistis,
268 219 562 270 Constantinopoli
578 233 636 271 per
651 233 689 257 ea
703 231 855 270 tempora
871 234 888 256 a
903 223 1026 256 loanne
1044 217 1325 255 Dernschwamio
1343 217 1384 253 de
1407 216 1584 254 Hradiczin
1611 222 1808 265 comparatis

44 275 182 316 adio,
199 287 261 311 nec
277 288 346 311 non
367 274 407 309 V
405 273 608 319 indobouenst
615 300 626 316 ,
653 286 754 323 quem
763 273 847 312 cod.
864 274 1033 321 integrum
1051 270 1165 307 Wolf.
1181 270 1276 307 valde
1295 271 1449 317 celebrat,
1475 284 1503 305 v.
1525 273 1664 306 Lambec.
1680 284 1808 309 comm.

35 326 101 372 -de,
119 327 195 367 bibl,
223 325 314 364 Caes.
339 331 364 365 Ι.
388 340 460 377 pag.
479 338 526 370 71.
547 323 618 376 sqq.
641 327 792 375 inprimis
813 324 857 361 de
883 325 1134 373 Vindobonerfi,
1168 325 1241 372 (qui
1269 322 1352 359 olim
1378 324 1535 372 pertinuit
1559 323 1597 359 ad
1624 322 1808 361 Budensem

50 379 209 416 Maitiiae
223 381 373 423 Coruini,
391 382 486 428 regis,
505 378 759 422 bibliothecam,
786 377 864 414 (lein
884 379 1035 427 peruenit
1050 375 1090 412 ad
1107 380 1154 416 lo.
1173 377 1333 420 Fabrum,
1366 374 1663 412 vindobonensem
1686 375 1808 425 episco-

52 445 162 484 pum,
185 432 329 483 denique
342 431 383 467 ad
396 430 578 467 caesaream
597 430 862 471 bibliothecam.)
898 431 1024 465 Koli'ar.
1047 431 1080 464 in
1109 426 1271 478 supplem.
1294 431 1317 465 l.
1333 427 1372 464 ad
1399 429 1564 464 Lanibccii
1587 440 1809 467 commentar.

58 497 136 534 pag.
157 488 227 527 632.
247 483 316 534 l‘qq.
331 483 406 522 cod.
423 484 493 519 cu.
507 485 596 519 cuius
615 484 668 519 illc
684 483 852 520 historiam
867 482 935 518 late
949 485 1095 531 exponit.
1147 484 1177 516 ls
1192 491 1302 517 autem
1323 478 1480 528 scriptum
1498 480 1593 516 illuni
1615 481 1738 517 librum
1762 479 1808 518 sa-

55 537 122 572 czle
134 534 201 573 effe
216 539 370 572 omnium
388 532 434 570 sui
450 537 581 584 generis
601 539 786 585 principem
800 547 832 571 et
846 533 976 584 ipsimet
998 536 1146 570 Zonarae
1167 532 1341 583 aequalem
1366 532 1503 578 iudicat,
1536 544 1567 569 et
1589 530 1808 583 Cuspinianus

57 591 95 625 in
112 591 225 626 titteris
242 587 285 624 ad
307 588 592 626 Maximilianum,
608 591 727 636 imper.
743 592 810 637 qui,
823 587 1009 624 verfioneni
1027 586 1110 622 illius
1125 589 1260 635 cupiens
1275 586 1425 628 latinam,
1451 585 1600 621 laborem
1624 586 1723 622 illuni
1751 600 1809 636 per

52 640 180 678 litera
192 639 363 676 mandarat
382 639 544 676 Bilibaldo
569 642 819 686 Pyrkbamero,
853 642 1023 677 sudorem
1047 641 1160 675 habuit
1180 642 1329 675 loannem
1352 639 1557 679 Monachum.
1586 635 1640 673 sed
1663 640 1808 684 Pyrklia-

51 694 380 740 ⁸:tuiroprouinciam
398 692 501 734 illam,
517 694 669 728 Zonarae
685 696 717 728 in
731 693 869 729 latinum
895 690 1132 731 transferendi,
1170 694 1203 726 in
1226 692 1339 727 litteris
1354 689 1394 726 ad
1415 692 1655 741 Cuspinianum
1674 690 1704 726 d.
1723 693 1810 727 XVI.

52 745 143 783 Maii
157 756 280 790 851515.
296 744 377 780 datis
394 744 592 786 declinante,
620 759 656 781 ea
674 743 778 781 delata
796 745 840 781 es}
855 745 895 781 ad
912 745 1082 794 Angelum
1099 746 1266 794 Cospum,
1294 743 1553 785 Bononiensem,
1581 745 1637 792 qui
1655 757 1743 784 vero,
1762 744 1809 780 illi

49 808 179 844 2:517.
198 799 413 840 immortuus,
431 799 513 843 nihil
530 798 680 834 zonarae
698 799 853 848 produxit
872 808 999 846 praeter
1015 797 1195 833 Alexandri
1212 799 1261 833 M.
1274 799 1386 837 vitam,
1401 809 1478 831 cum
1498 797 1537 831 ΙΙ.
1553 795 1694 831 Diodori
1710 796 1812 832 Siculi

56 847 148 887 libris
161 847 295 885 editam.
350 848 522 899 lnscn‘ptio
540 851 649 899 operis
666 853 745 886 haec
764 851 828 886 est:
858 851 1002 886 Diodori·
1026 850 1121 885 Siculi·
1146 847 1315 897 scriptoris
1343 851 1450 897 graeci
1471 849 1544 884 libri
1565 847 1654 889 duo·,
1680 868 1732 875 ——-
1759 868 1809 876 —

23 898 246 1044 Ὲΐνιμκ
260 901 419 937 latinitate
436 902 575 938 donauit
592 904 740 950 Angelus
755 904 883 952 Cospus
903 901 1130 938 Bononienlis.
1184 901 1370 938 Alexandri
1387 903 1472 950 regis
1485 903 1565 942 vita,
1593 906 1688 947 quain
1699 913 1809 950 graece

33 963 42 988 ι
115 953 125 964 .

35 994 46 1003 Λ
102 998 108 1001 ῃ
160 966 210 990 ant
224 968 244 989 α
261 957 376 990 Ioanne
391 955 549 990 Monacho
563 952 600 1003 [s.
618 956 764 1002 Zonara]
782 956 873 1005 Aug.
893 956 1017 1001 Cospus
1037 957 1137 990 vertit
1154 957 1186 989 in
1202 954 1343 1001 nostram
1358 955 1513 1001 linguam.
1567 956 1713 989 Viennae
1730 956 1810 989 Pan-

34 1006 46 1043 .‘
134 1010 182 1042 iae
195 1008 275 1052 1516.
295 1003 356 1043 sol.
375 1020 433 1056 per
451 1009 528 1042 Hie:
537 1020 594 1042 on.
612 1008 800 1044 Victorem:
827 1009 868 1044 de
885 1021 949 1057 qua
967 1007 1045 1043 edit.
1060 1006 1224 1057 copiosius
1239 1010 1306 1056 egit
1325 1007 1441 1042 Denis.
1466 1007 1499 1040 in
1516 1007 1706 1042 Memorab.
1731 1005 1808 1041 bibl.

34 1051 182 1102 ’δυ-οὓ.
201 1069 281 1108 part.
302 1060 324 1094 Ι.
344 1072 420 1108 pag.
437 1063 507 1104 263.
527 1057 595 1109 sqq.
611 1069 643 1095 et
660 1072 720 1096 nos
737 1074 811 1096 earn
829 1060 971 1106 aliasque
994 1058 1066 1095 edd.
1093 1064 1365 1095 enumerauimus
1388 1056 1482 1106 supra
1507 1060 1541 1092 in
1569 1058 1635 1094 vol.
1658 1059 1715 1093 lV.
1735 1071 1809 1106 pag.

51 1108 132 1157 ¹9⁶8·
151 1107 197 1160 sq.
216 1131 263 1138 -
282 1112 411 1146 Praeter
426 1125 463 1146 ea
482 1110 600 1146 suntin
617 1112 765 1148 biblioth.
781 1113 922 1160 caesarea
939 1110 1006 1147 duo
1021 1110 1075 1146 alii
1091 1112 1243 1146 Zonarne
1260 1110 1409 1152 codices,
1435 1111 1532 1145 initio
1557 1109 1687 1151 mutili,
1721 1111 1809 1147 Clll.

54 1174 93 1200 et
109 1165 195 1199 CiV.
212 1175 295 1214 quos
312 1159 454 1198 recenset
474 1163 639 1197 Kollarius
654 1162 676 1199 l.
695 1177 721 1198 c.
740 1176 814 1212 pag.
827 1167 897 1207 64r.
913 1161 958 1212 sq.
985 1165 1130 1200 Lambec,
1150 1174 1235 1200 tom.
1251 1165 1306 1199 IV.
1326 1175 1401 1210 pag.
1416 1174 1467 1206 27.
1491 1159 1535 1210 sq.
1554 1164 1624 1199 VH.
1648 1174 1723 1210 pag.
1745 1175 1809 1206 3¹7·

52 1211 109 1263 sq.
124 1213 159 1250 et
174 1227 246 1266 ρπβ,
264 1226 333 1261 574.
353 1214 492 1250 illullrat
505 1226 562 1250 aut
576 1214 731 1250 emendat
751 1217 823 1252 loca
846 1214 1009 1264 quaedam
1033 1217 1192 1251 zonarae.
1219 1235 1270 1243 —-
1296 1215 1480 1250 Florentiae
1500 1216 1535 1249 in
1558 1213 1632 1249 bibl.
1655 1215 1808 1251 Laurent.

53 1266 188 1305 Medic.
206 1269 356 1302 zonarae
371 1266 447 1302 cod.
464 1269 519 1303 tv.
538 1266 620 1314 plut.
636 1278 690 1310 70.
706 1269 738 1302 in
757 1264 826 1316 q'uo
843 1268 973 1303 nullam
987 1267 1150 1303 librorum
1166 1265 1364 1303 diuisionem
1383 1264 1464 1305 esse,
1496 1263 1548 1300 sed
1571 1264 1811 1303 tantummodo

51 1319 209 1368 capitum
228 1317 361 1359 titulos,
387 1321 443 1366 qui
465 1316 690 1354 desiderantur
705 1321 738 1354 in
756 1318 921 1360 editione,
948 1318 1085 1370 adponi,
1113 1329 1208 1355 notat
1224 1319 1407 1354 Bandinius
1418 1328 1479 1354 cat.
1495 1316 1593 1354 codd.
1610 1331 1657 1368 gr.
1675 1319 1715 1353 ll.
1733 1331 1808 1368 pag.

57 1373 133 1417 658.
155 1391 197 1397 -
217 1372 251 1405 in
269 1368 344 1406 cod.
361 1371 448 1406 Xlll.
467 1383 514 1404 nr.
530 1373 580 1414 65,
596 1382 789 1420 excerptum
809 1384 848 1408 ex
869 1374 1018 1408 Zonarae
1033 1385 1108 1407 ann.
1132 1372 1226 1416 (libr.
1248 1373 1305 1407 Vl.
1332 1382 1415 1407 tom.
1441 1371 1478 1405 X.
1501 1370 1571 1406 hist.
1593 1368 1735 1415 *Byzann
1761 1370 1810 1406 ed.

32 1456 41 1464 „
59 1422 206 1464 Venetae
224 1435 300 1471 pag.
319 1434 378 1458 201
395 1441 444 1449 ——
457 1423 548 1468 203.)
565 1422 606 1457 de
628 1421 766 1470 losepho
779 1425 948 1465 hebraeo,-
974 1423 1052 1472 quid
1067 1422 1153 1459 dicat
1175 1422 1216 1458 de
1238 1423 1388 1459 Christo:
1417 1433 1448 1457 et
1469 1435 1518 1457 nr.
1539 1425 1592 1457 66.
1619 1435 1657 1458 ex
1678 1423 1812 1464 eodem,

45 1474 239 1526 ⁴quomodo
259 1473 439 1510 secundum
465 1472 640 1523 losephum
655 1475 842 1511 Alexander
857 1478 1073 1512 honorauerit
1093 1474 1250 1517 ludaeos,
1275 1475 1375 1510 breue
1393 1484 1596 1522 excerptum.
1627 1495 1676 1502 —
1714 1475 1813 1511 Vene-

33 1529 119 1573 »eiii
134 1530 167 1563 in
182 1526 258 1563 bibl.
278 1528 319 1564 D.
338 1528 443 1560 Marci
458 1529 608 1562 Zouarae
622 1527 757 1564 annales
775 1530 809 1564 in
823 1526 892 1564 duo
922 1526 1019 1564 diuisi
1035 1528 1154 1571 libros,
1188 1530 1222 1563 in
1241 1526 1318 1564 cod.
1345 1527 1556 1562 CCCXC1X.
1581 1524 1700 1576 scripto
1727 1541 1755 1562 a.
1773 1529 1813 1563 C.

0 1616 2 1627 Ι
34 1592 37 1593 ’
54 1591 155 1623 1420.
180 1599 229 1606 -
251 1580 347 1614 initio
365 1590 397 1613 et
414 1578 482 1613 fine
497 1577 628 1617 mutili,
655 1581 688 1614 in
706 1579 781 1615 cod.
800 1581 932 1618 CCkC.
951 1591 982 1615 et
999 1580 1070 1615 libri
1090 1581 1142 1615 lX.
1160 1581 1287 1628 priores
1303 1582 1335 1614 in
1355 1578 1430 1614 cod.
1445 1579 1594 1615 CCCCl.
1618 1599 1668 1606 -—
1691 1580 1814 1614 Medio-

51 1633 129 1669 ·lnni
144 1636 176 1667 in
194 1631 270 1667 bibl.
289 1629 524 1674 Ambrofiana,
549 1629 618 1667 duo
633 1630 733 1668 codd.
750 1634 941 1674 annalium,
965 1643 997 1667 et
1013 1631 1081 1667 duo
1097 1631 1195 1668 codd.
1213 1634 1247 1667 in
1268 1632 1343 1667 bibl.
1369 1632 1566 1680 Mutinensi,
1590 1630 1680 1666 ‘telle
1702 1631 1816 1665 Mout-

3 1728 6 1730 η
53 1684 150 1732 func.
167 1687 199 1719 in
216 1682 321 1719 diario
337 1681 404 1719 ital.
421 1695 493 1732 pag.
514 1695 555 1727 ¹3·
575 1694 607 1719 et
623 1695 671 1728 32.
696 1704 748 1712 -
772 1687 810 1721 ln
827 1686 904 1722 cod.
919 1685 1116 1722 CXXXVll.
1135 1685 1329 1721 Cor'sliniano
1345 1686 1495 1720 Zonarae
1511 1684 1642 1720 annales
1658 1697 1735 1719 cum
1758 1685 1814 1719 Ni-

0 1772 2 1777 ,
56 1748 137 1772 »ατε
162 1735 330 1780 Clioniate
354 1746 389 1782 ft
417 1736 616 1785 Nicephoro
639 1737 802 1785 Gregora.
863 1738 1062 1785 (Montfauc.
1087 1738 1162 1773 bibl.
1190 1736 1296 1772 Coisl.
1317 1749 1391 1786 pag.
1414 1742 1489 1776 208.
1515 1733 1574 1784 sq.)
1602 1756 1651 1762 —
1675 1738 1713 1772 In
1737 1734 1813 1771 bibl.

63 1787 213 1836 Eseoral.
230 1789 380 1824 zonarae
400 1788 587 1824 chronicon
609 1802 626 1823 a
654 1787 816 1825 dielatura
840 1790 953 1825 Sullae
975 1801 1076 1838 vsque
1099 1788 1139 1824 ad
1165 1792 1344 1838 imperium
1378 1788 1486 1825 Alexii
1509 1790 1698 1830 comneni,
1735 1787 1814 1824 telle

55 1840 189 1879 *Pli‘em
207 1841 241 1876 in
257 1842 396 1876 itinerar.
415 1853 473 1889 per
488 1841 629 1890 Hispan.
649 1854 722 1890 pag.
739 1848 807 1886 178,
823 1843 882 1886 bis,
900 1840 1080 1878 secundum
1098 1842 1282 1889 Montfauc.
1298 1840 1372 1876 bibl.
1392 1841 1467 1876 bibl.
1490 1842 1585 1876 MSS.
1601 1842 1625 1877 1.
1652 1852 1724 1889 pag.
1741 1843 1813 1881 624.

41 1892 189 1940 Δῃ-
206 1894 290 1928 inter
305 1891 404 1927 codd.
424 1893 578 1928 Maidoz.
595 1907 622 1928 v.
639 1895 860 1933 Iriart.catal.
885 1908 936 1944 gr.
959 1893 1057 1930 codd.
1080 1897 1205 1930 Matrit.
1235 1907 1307 1942 pag.
1331 1905 1402 1937 277.
1427 1914 1477 1921 —-
1503 1891 1691 1929 Secundum
1718 1891 1812 1927 catal.

132 1943 164 1981 d.
181 1944 400 1994 Angliaeflc,
415 1946 448 1980 in
465 1945 541 1981 bibl.
563 1946 657 1984 Bodl.
671 1949 756 1982 inter
775 1947 874 1984 codd.
895 1947 1079 1984 Cromwelli
1095 1960 1144 1986 nr,
1163 1947 1354 1982 CCLXXX.
1371 1950 1452 1985 Zon.
1469 1945 1636 1980 annalium
1655 1957 1728 1993 pars
1755 1956 1815 1993 po-

48 2028 52 2033 .
129 1999 199 2038 ⁹01,
226 2008 312 2046 quae
329 1996 371 2032 en
391 1996 523 2033 historia
541 1997 695 2046 Augusta.
722 2019 769 2026 —
799 2002 884 2036 inter
899 1996 1100 2034 collesstanea
1122 1999 1260 2048 lamifii,
1288 1997 1399 2041 (catal.
1422 2002 1444 2034 l.
1464 2010 1535 2045 pag.
1548 1999 1622 2042 263.
1640 2009 1688 2031 nr.
1705 2009 1752 2040 30.
1771 1996 1813 2040 2.)

101 2044 108 2055 ⁹
148 2060 219 2099 rpta
237 2063 275 2085 ex
290 2050 441 2084 zonarae
454 2050 633 2088 annalibus.
684 2051 876 2087 Secundum
896 2048 1080 2098 Mimtfauc.
1098 2051 1176 2086 bibl.
1200 2051 1423 2086 bibliotliecar.
1440 2051 1565 2084 Mssa.
1590 2051 1622 2084 in
1643 2048 1717 2086 bibl,
1745 2048 1815 2082 Va-

0 2137 3 2140 ,
51 2095 56 2102 ⁷
184 2129 194 2144 ,
222 2109 370 2140 zonarae
383 2113 529 2150 epitome
545 2113 692 2139 veterum
709 2103 870 2141 historiar.
886 2105 924 2139 ab
942 2106 1038 2139 initio
1056 2101 1195 2144 mundiz,
1224 2100 1370 2137 eiusdem
1389 2101 1429 2136 de
1446 2101 1696 2149 imperatoribus
1715 2099 1816 2136 hisso-

159 2157 258 2197 (tom.
278 2156 300 2189 1.
319 2166 392 2203 pag.
411 2159 442 2193 8.
462 2156 502 2190 D.
522 2174 574 2181 —
588 2167 619 2191 et
634 2166 716 2191 tom.
738 2159 793 2193 Ill.
811 2169 861 2205 gr.
877 2170 949 2205 pag.
966 2159 1021 2195 86.
1039 2156 1089 2201 B.)
1105 2176 1137 2182 -
1157 2154 1310 2190 Mor-achi
1329 2155 1359 2188 in
1376 2153 1450 2188 bibl.
1465 2153 1645 2193 eledlorali,
1664 2155 1814 2188 zonarae

131 2244 135 2247 ,
171 2233 178 2241 -
196 2215 279 2242 lom·
295 2207 350 2241 ΠΙ.
366 2219 443 2240 cum
459 2208 592 2249 Nicetae
607 2209 792 2244 Choniatae
808 2209 987 2244 annalibus.
1004 2209 1044 2253 (l,
1064 2220 1140 2256 pag.
1157 2220 1220 2253 59¹.
1241 2207 1284 2242 Ῐ).
1302 2204 1381 2241 coll.
1405 2205 1558 2253 catalogo
1586 2204 1683 2241 codd.
1708 2217 1756 2253 gr.
1780 2207 1814 2239 in

137 2259 272 2295 .Bauar.
288 2272 360 2305 pag.
381 2271 436 2304 75.
453 2260 526 2294 cod.
544 2260 683 2303 ccvi.)
701 2281 751 2287 —
771 2261 890 2297 Romae
904 2264 938 2296 in
961 2260 1037 2296 bibl.
1060 2257 1226 2296 Sfortiana
1251 2260 1399 2294 Zonarue
1420 2261 1567 2305 epitome
1590 2259 1611 2293 h
1628 2257 1750 2293 floriar.
1776 2258 1815 2292 ab

142 2310 210 2347 erio
227 2311 423 2347 Diocletiani
441 2322 470 2345 et
489 2313 685 2347 Maximiani
700 2311 740 2348 ad
760 2316 840 2363 imp.
858 2313 961 2350 Alexii
981 2314 1160 2348 Comneni.
1179 2313 1221 2355 (l,
1239 2324 1312 2359 pag.
1332 2323 1402 2354 702.
1423 2311 1481 2352 D.)
1505 2331 1544 2336 -—
1574 2311 1680 2358 Pms
1696 2314 1727 2344 in
1738 2308 1814 2346 bibl.

69 2356 279 2414 ψωηςῑε,
306 2365 873 2403 codd.MM1.xxv.MM1.xxv1.
893 2366 1115 2403 MMnLvn.
1140 2373 1172 2400 et
1192 2365 1436 2402 MMMLviu.
1459 2365 1608 2402 zonarae
1630 2363 1814 2400 chronicon

941 2419 975 2455 N
1002 2431 1026 2454 n
1053 2431 1075 2454 n
1130 2430 1149 2454 a
1436 2445 1440 2449 .
1782 2422 1814 2449 et
