2109 2761
657 128 952 185 scmproasss
981 150 1043 186 DE
1073 151 1326 190 EPHRAIMO
1353 151 1474 190 SYRo
1589 156 1662 194 Lib.
1683 155 1726 192 V.
1746 158 1833 196 ..Ji
1889 168 1949 202 κῃ

183 240 276 284 dedit
296 245 417 293 syriace
433 258 511 284 cum
526 243 680 281 vei-stone
699 243 753 281 sua
771 245 873 281 latina
891 254 924 281 et
939 244 1222 282 adnotationibus.
1278 247 1376 284 Tum
1392 262 1409 284 a
1425 262 1501 300 pag.
1519 261 1563 296 55.
1585 250 1650 300 ipse
1665 250 1882 291 Assemannus
1905 251 1959 291 de*

180 300 271 338 illius
294 299 420 348 scriptis
444 297 540 347 plura
563 296 676 333 tradit:
703 311 720 332 a
742 311 818 347 pag.
833 300 884 341 63.
907 298 1036 335 vberius
1059 298 1201 334 recenset
1218 312 1320 349 opera
1338 302 1533 350 Ephraemi‚
1558 306 1783 354 quaesyt'iace
1806 306 1945 347 exstant,

181 353 211 397 ι)
235 353 499 388 commentarios
515 353 549 386 in
564 351 596 385 S.
615 351 646 384 S.
703 352 737 395 2)
765 365 783 386 a
797 363 831 399 p.
849 357 904 390 80.
921 363 992 400 cap.
1010 353 1043 386 ΙΙ
1060 370 1110 377 —
1126 354 1203 387 VII.
1221 353 1368 399 hymnos
1382 355 1454 390 XV.
1473 353 1515 390 de
1537 358 1713 393 natiuitate·
1726 357 1858 395 domini
1880 371 1943 394 no-

180 404 235 441 ssri
252 401 321 440 Iesu
338 401 472 440 Cin-issi.
527 404 559 446 3)
583 404 732 447 hymnos
748 401 789 438 de
806 401 969 452 paradiso,
997 400 1040 438 de
1057 402 1213 445 ecclesia.
1244 403 1286 440 de
1304 408 1494 455 virginitate
1510 418 1594 449 etc.‚
1623 407 1666 444 de
1683 409 1763 451 fide,
1789 409 1943 447 aduersus

179 454 345 499 haereses3
398 458 433 499 4)
461 469 478 490 a
495 467 570 504 pag.
588 465 651 498 ¹32·
675 453 716 489 de
735 452 903 491 defunciis
919 453 1010 494 odas,
1039 466 1154 492 cantus
1171 466 1203 490 et
1218 461 1385 502 carmina3
1442 460 1474 503 5)
1499 472 1532 508 p.
1559 466 1613 504 138
1628 459 1674 511 sq.
1697 463 1848 507 hymnos
1870 477 1941 512 par·

180 511 347 545 aeneticos
374 510 446 544 XV.
514 509 550 551 6)
577 521 608 556 p.
636 517 690 549 139
708 505 776 557 sqq.
798 504 967 544 sermones
982 510 1090 544 XXXI
1115 507 1156 544 de
1177 508 1314 545 diuersis
1331 509 1598 559 heptasyllabos3
1654 517 1689 558 7)
1718 516 1749 562 ᾗ.
1770 516 1839 550 ΧΠ.
1866 529 1940 565 pag.

182 572 244 606 149
259 558 327 612 sqq.
357 572 460 609 opera
476 560 678 608 Epitraenii,
707 571 791 608 quae
805 560 928 595 arabico
944 559 1090 602 exstant,
1119 570 1196 609 etp.
1215 563 1282 605 156.
1301 559 1425 598 indicat
1444 575 1548 611 opera
1564 575 1635 600 tum
1659 566 1782 601 inedita
1798 569 1941 615 Ephrae-

177 616 239 654 mi,
268 625 353 664 quae
365 625 479 661 graece
497 607 669 660 supersunt
684 613 718 646 in
735 621 826 647 msst.
844 609 944 648 codd.
962 615 1134 657 Vatican.;
1157 611 1316 661 posthaec
1331 612 1423 650 dedit
1441 613 1608 659 syllabum
1623 630 1767 666 operum
1784 622 1940 655 omnium

179 668 216 703 S.
228 666 429 715 Epfflaemi,
462 677 547 714 quae
573 672 670 699 antea
687 661 894 700 recensuerat
919 677 960 701 ex
978 663 1080 701 codd.
1098 667 1206 701 mstis
1221 668 1388 702 Vaticanis
1407 664 1559 713 syriacis,
1592 670 1731 706 arabicis
1749 680 1780 706 et
1798 674 1939 720 graecis:

178 716 325 768 denique
344 716 485 766 pienum
501 717 720 753 concinnauit
747 713 896 752 indicem
914 729 996 766 opp.
1010 717 1210 766 Ephraemi‚
1236 731 1255 753 a
1271 717 1422 755 Gerardo
1435 718 1554 756 Voffio
1572 720 1761 764 editorum,
1791 736 1868 758 cum
1891 726 1938 760 in-

179 769 270 807 dicio
287 782 488 819 graecorum
503 765 604 804 codd.
620 769 874 807 vaticanorum,
902 771 937 804 in
952 768 1074 818 quibus
1088 768 1218 820 singula
1232 768 1394 818 supersint
1412 771 1469 807 issa
1484 771 1659 816 opuscula,
1687 773 1845 824 adspersis
1862 778 1940 811 hinc

176 821 258 859 inde
281 817 579 857 obseruationibus.
632 817 784 860 Deinde,
813 816 969 855 suadente
983 830 1015 855 et
1029 818 1201 869 praefante
1216 821 1350 871 Angelo
1369 825 1482 859 Maria
1499 825 1665 874 Qstino,
1699 837 1793 876 patre
1814 841 1938 877 pin-pu.

179 884 272 915 rato,
298 871 363 920 Iqs.
377 874 457 909 Sim.
470 869 688 920 Affemannus
704 872 842 920 eiusque
854 868 936 910 socii
951 871 1063 910 multo
1078 872 1278 924 pleniorem
1289 872 1424 914 summo
1440 874 1550 913 studio
1565 890 1724 929 pararunt
1741 877 1938 922 editionem,

175 923 366 974 inscriptam
373 936 385 960 ε

343 1032 413 1068 ‘rou
440 1045 492 1056 ·-
516 1027 674 1080 Ἐφξοιιμ
689 1044 737 1071 τε
755 1035 868 1082 Συςου
883 1043 937 1070 τοι
957 1030 1183 1081 &ernostum
1205 1046 1345 1072 armna.
1400 1035 1512 1070 Sanffi
1527 1038 1640 1082 patris
1654 1037 1757 1084 nostri
1769 1038 1935 1085 Ephracm

172 1080 252 1131 Syri
266 1093 362 1129 opera
378 1083 484 1118 omnia
500 1094 579 1129 quae
594 1082 734 1129 exstant,
758 1095 892 1131 graece,
911 1081 1053 1131 syriace,
1079 1083 1196 1124 latine,
1219 1086 1252 1119 in
1261 1084 1326 1131 sex
1342 1092 1445 1121 tomos
1459 1087 1650 1134 distributa,
1677 1091 1721 1124 ad
1738 1098 1828 1125 msst.
1846 1091 1934 1125 codd.

174 1134 359 1173 Vaticano:
372 1133 513 1180 aliosque
529 1132 696 1182 castigata,
725 1135 836 1172 multis
851 1134 956 1177 austu,
982 1148 1067 1171 noua
1081 1137 1362 1181 interpretatione,
1386 1139 1661 1185 praefationibus,
1688 1145 1785 1184 notis,
1806 1144 1935 1178 varian-

174 1188 260 1222 tibus
276 1185 459 1222 chionibm
474 1184 647 1231 illustrata,
675 1199 759 1223 nunc
774 1189 919 1234 primum
946 1206 996 1214 —
1024 1201 1039 1223 e
1055 1188 1238 1223 bibliotheca
1258 1189 1420 1225 Vaticana
1434 1192 1611 1237 prodeunt.
1664 1195 1796 1230 Romae
1818 1207 1859 1230 ex
1885 1205 1935 1239 ty·

173 1238 362 1288 pographia
377 1239 536 1272 Vatioena
559 1248 638 1280 1732
656 1257 706 1265 —
725 1241 820 1282 1746.
837 1241 896 1274 VI.
920 1238 1003 1274 voll.
1025 1236 1087 1275 fol.
1141 1237 1362 1276 Assemannus
1384 1243 1598 1279 constituerat
1622 1241 1752 1287 secum,
1806 1245 1935 1297 singula

171 1290 355 1338 Ephraemi
370 1300 474 1337 opera
490 1290 527 1324 in
547 1285 602 1324 sex
616 1298 731 1325 tomos
748 1288 918 1331 diuidere,
946 1303 1096 1340 quorum
1118 1300 1182 1327 tres
1205 1294 1334 1341 priores
1356 1307 1492 1343 graeca3
1524 1306 1589 1331 tres
1606 1307 1718 1333 autem
1734 1297 1934 1346 posteriores

169 1339 294 1389 syriaca
311 1337 646 1388 comprehenderent.
699 1340 764 1377 Sed
780 1339 872 1378 edito
892 1352 990 1378 tomo
1006 1346 1120 1393 primo
1139 1356 1189 1393 gr.
1210 1358 1248 1380 ac
1260 1344 1316 1380 lat.
1332 1359 1438 1395 quum
1452 1362 1469 1383 a
1484 1348 1646 1397 pontifice
1664 1363 1807 1386 romano
1829 1353 1874 1387 rei
1889 1348 1933 1387 sa-

172 1406 248 1430 crae
263 1389 370 1428 cauffa
385 1394 420 1427 in
435 1393 565 1436 Syriam
582 1396 790 1436 mitteretur,
817 1393 1009 1437 consilium,
1039 1409 1082 1432 ne
1098 1394 1260 1446 longiore
1274 1399 1402 1441 itinere,
1430 1403 1540 1436 maior
1555 1399 1714 1437 editionis
1737 1415 1833 1438 mora
1859 1405 1933 1439 inii-

173 1455 322 1486 ceretur‚
351 1446 396 1479 ita
411 1453 576 1480 mutatum
593 1444 658 1488 est,
690 1455 724 1481 vt
742 1449 866 1482 interea
889 1459 992 1495 opera
1013 1445 1160 1492 syriaca,
1186 1449 1288 1484 tribus
1314 1450 1561 1494 voluminibus,
1590 1454 1848 1504 wulgar-entur,
1876 1469 1932 1491 cu-

172 1507 266 1536 rante
284 1498 438 1545 inprimis
454 1496 559 1532 Pctro
570 1497 755 1540 Benediffo,
783 1500 968 1543 Maronita,
996 1497 1160 1535 societatis
1181 1498 1272 1541 Iesu,
1301 1505 1360 1551 qui
1382 1501 1514 1538 duobus
1535 1507 1636 1541 tomis
1654 1506 1819 1554 prioribus
1838 1520 1930 1555 prae-

171 1547 258 1588 fatus
273 1548 330 1590 est,
360 1547 485 1594 syriaca
498 1547 602 1584 latine
617 1551 726 1591 vertit,
743 1559 908 1599 notasque
922 1548 1060 1587 adiecit:
1087 1550 1163 1600 post
1180 1555 1272 1588 cuius
1287 1554 1418 1590 obitum
1435 1559 1568 1591 tertium
1585 1565 1718 1592 tomum
1733 1562 1804 1606 pari
1821 1557 1930 1595 studio

170 1605 299 1640 curauit
315 1600 495 1647 Sttphanus
511 1602 661 1636 Euodius
674 1600 908 1649 Affemannus,
936 1602 1201 1653 archiepiscopus
1219 1605 1426 1653 Apamensis.
1494 1609 1605 1658 Qare
1630 1616 1696 1645 tres
1720 1613 1799 1645 tomi
1818 1614 1932 1660 graeci

172 1668 273 1704 opera
294 1664 325 1689 et
346 1651 455 1688 studio
469 1651 594 1700 Iosephi
610 1652 800 1700 Afinianni
813 1654 924 1691 lucem
946 1653 1101 1692 viderunt
1116 1658 1185 1692 hoc
1201 1654 1339 1701 ordine3
1368 1669 1481 1694 tomus
1499 1662 1522 1695 Ι.
1540 1674 1570 1698 a,
1591 1672 1682 1704 1742·
1711 1681 1761 1688 —
1788 1673 1871 1699 tom.
1886 1665 1931 1699 ΙΙ.

172 1722 200 1743 a.
225 1718 311 1749 1743.
339 1724 391 1732 --
419 1716 502 1740 tom.
524 1707 582 1742 ΠΙ,
606 1720 634 1741 a.
662 1708 755 1751 1746.
785 1725 834 1734 -
889 1708 1016 1755 Syriaci
1039 1717 1151 1745 autem
1178 1710 1282 1751 tomi,
1337 1707 1504 1760 insen-pti:
1530 1731 1579 1738 —
1633 1715 1800 1761 Ephraem
1835 1729 1930 1762 opera

172 1761 295 1800 onmia,
324 1771 402 1805 quac
424 1756 569 1804 exstant,
594 1771 727 1807 graece,
747 1757 896 1807 syriace,
923 1761 1021 1794 latine
1048 1780 1100 1787 -—
1126 1774 1141 1796 e
1159 1762 1300 1798 biblioth.
1326 1763 1368 1799 V
1363 1766 1492 1799 aticana
1509 1767 1686 1811 prodeunt.
1763 1770 1930 1817 Syriacum

171 1819 295 1847 textum
316 1809 471 1857 recensuit
482 1810 607 1846 Petrus
621 1811 835 1853 Benedibi‘us,
853 1810 924 1858 soc.
941 1811 1032 1859 Iesu,
1058 1815 1145 1848 notis
1160 1817 1363 1850 variantibus
1378 1818 1556 1860 animauit,
1584 1819 1683 1855 latine
1704 1822 1802 1856 vertit
1824 1827 1853 1855 rt
1876 1833 1930 1855 va·

170 1866 292 1899 rioriem
301 1861 434 1909 scholiis
451 1862 667 1908 locuple-tamt.
729 1864 848 1898 Tomus
856 1866 986 1909 primm
995 1863 1128 1913 syriace
1145 1873 1176 1901 et
1191 1867 1301 1902 latine.
1357 1869 1478 1905 Romae
1497 1883 1537 1905 ex
1558 1873 1775 1918 typographia
1794 1872 1837 1909 V
1831 1876 1929 1908 atim.

171 1929 224 1952 na.
249 1925 340 1959 1737.
367 1933 417 1941 —
443 1920 517 1950 tom.
541 1916 592 1950 II.
617 1925 713 1959 1740.
743 1934 793 1942 —
817 1914 985 1964 syriacum
1007 1923 1133 1954 textum
1154 1918 1310 1967 recensuit
1325 1919 1401 1967 post
1423 1922 1543 1956 obitum
1563 1923 1661 1958 Petri
1683 1924 1850 1960 Benediffl
1877 1943 1929 1952 —

169 1969 351 2015 Stephanus
374 1967 525 2002 Euodius
545 1965 773 2014 Afflmannus.
808 1977 891 2003 tom.
917 1970 976 2004 111.
999 1980 1086 2013 1743.
1166 1971 1340 2006 Summam
1362 1976 1517 2008 omnium
1542 1986 1705 2022 operum,
1750 1979 1930 2025 praecipue

168 2018 397 2064 syriacorum.
425 2029 456 2053 et
477 2016 727 2066 praefationum
741 2017 929 2058 Benedicti,
959 2024 1016 2070 qui
1042 2034 1143 2071 opera
1165 2021 1537 2072 vindicatEphraemo,
1564 2037 1662 2076 atque
1680 2030 1852 2078 vti-iusque
1871 2027 1927 2064 As·

169 2071 321 2110 semanni
343 2069 434 2105 dedit
458 2071 511 2106 Kl.
533 2073 567 2105 in
581 2072 828 2119 Baumgartenii
846 2073 1037 2109 Nachricht·
1058 2086 1127 2110 von
1144 2073 1424 2126 merkwu'rdigen
1438 2078 1609 2121 Eucherii,
1647 2089 1731 2115 tom.
1748 2083 1823 2117 VII.
1846 2094 1927 2131 pag.

169 2137 238 2171 409
253 2144 306 2151 —
321 2126 393 2166 463.
407 2119 483 2157 add.
499 2123 569 2158 at‘la
592 2122 685 2158 erud.
703 2122 788 2173 Lips.
805 2138 833 2159 a.
852 2130 940 2167 1738-
957 2138 991 2174 p.
1008 2131 1072 2170 289
1088 2125 1158 2176 sqq.
1173 2141 1202 2162 a.
1220 2137 1308 2171 1745.
1327 2141 1358 2176 p.
1380 2139 1440 2172 577
1459 2127 1527 2179 sqq.
1551 2141 1583 2164 et
1602 2145 1631 2166 a.
1649 2143 1743 2175 1747.
1765 2145 1839 2181 pag.
1862 2135 1927 2176 673

169 2176 239 2227 sqq.
258 2187 290 2213 et
305 2179 420 2212 Iourn.
440 2172 496 2210 des
518 2172 636 2210 favans.
661 2186 747 2220 1739.
766 2177 818 2211 M.
837 2176 898 2211 Iul.
921 2191 952 2225 p.
972 2189 1041 2222 29¹-
1061 2191 1091 2213 a.
1110 2189 1202 2221 1744.
1220 2191 1267 2214 m.
1284 2181 1366 2215 Dec.
1385 2192 1418 2230 p.
1435 2192 1508 2226 475.
1524 2192 1555 2216 et
1576 2196 1606 2218 a.
1624 2194 1716 2226 1744.
1737 2197 1782 2219 m.
1801 2188 1869 2220 lan.
1891 2198 1925 2234 p.

169 2241 212 2276 97
229 2227 275 2278 sq.
293 2225 510 2264 Affemannus
532 2228 567 2261 in
584 2223 719 2274 praefat.
739 2225 930 2276 praesertim
946 2228 1045 2264 aitera
1065 2240 1097 2265 et
1114 2232 1147 2266 in
1160 2229 1320 2280 prolegg.
1336 2229 1377 2266 ad
1395 2232 1462 2268 vol.
1480 2235 1504 2268 1.
1519 2247 1629 2282 graec.
1643 2235 1747 2271 multa
1762 2235 1927 2287 congessit

168 2281 211 2318 ad
231 2279 403 2317 historiam
425 2281 511 2314 vitae
533 2276 841 2328 opusculorumque
863 2290 963 2330 atque
984 2280 1141 2318 codicum
1162 2280 1418 2332 editionumque
1442 2282 1682 2323 illustrandam.
1762 2292 1801 2325 ln
1824 2290 1926 2325 aitera

167 2338 271 2384 igitur
290 2327 498 2381 praefatione
518 2331 585 2367 late
609 2328 752 2378 disputat
777 2334 809 2366 in
834 2345 904 2381 cap.
927 2335 952 2367 1.
976 2336 1088 2369 critice
1112 2344 1210 2384 atque
1233 2334 1411 2376 historice⁷
1440 2334 1482 2371 de
1505 2343 1630 2386 graecis
1655 2350 1686 2375 et
1707 2340 1814 2377 latinis
1839 2345 1926 2376 vitae

166 2386 348 2435 Ephraemi
361 2380 575 2432 scriptoribus
593 2393 648 2418 aut
662 2385 721 2428 iis,
749 2385 807 2432 qui
822 2383 913 2421 injus
934 2383 1051 2435 scripta
1065 2384 1259 2427 laudarunt.
1288 2397 1343 2422 aut
1364 2400 1509 2438 operum
1526 2391 1719 2442 catalogum
1735 2405 1923 2430 texuerunt.

1849 2459 1920 2484 cat>-
