2184 2761
227 152 256 179 x
856 144 882 181 P
906 144 938 181 R
965 144 997 181 A
1022 144 1052 180 E
1078 144 1105 180 F
1132 144 1163 180 A
1191 143 1226 179 T
1254 143 1272 179 Ι
1296 142 1334 180 0

231 245 280 288 ab
301 248 375 298 iis,
417 249 485 303 qui
518 258 585 290 aut
616 246 690 289 sata
727 258 842 304 atque
875 248 1074 289 historiam
1102 256 1238 290 coetus
1269 247 1463 289 christiani
1495 247 1672 304 persequi
1702 246 1856 301 solent,
1904 260 1971 292 aut

230 349 470 405 singulorum
493 355 611 394 vitam
636 356 674 393 in
699 343 956 409 peculiaribus
983 352 1088 395 libris
1109 367 1285 395 enarrare
1302 372 1318 404 ,-
1351 354 1430 398 iam
1456 353 1650 396 vbesrime
1678 349 1849 409 expolita
1873 328 1972 406 sunt,

231 459 328 498 etin
355 470 558 514 vtramque
581 470 729 514 partem
757 460 958 513 disputata.
1032 461 1284 515 Qxapropter
1307 459 1354 500 ad
1380 458 1469 501 illos
1496 458 1676 513 ablegare
1709 460 1825 502 huius
1854 461 1972 516 partis
2017 496 2023 500 .

231 562 434 605 historicae
458 565 622 618 cupidos
656 565 768 606 fimus
796 564 870 606 effe
904 565 1011 605 duxi.
1089 565 1243 606 Deinde
1276 565 1351 606 viri
1378 562 1515 616 doeh,
1560 563 1985 622 quorum'auc‘ioritas,

222 668 332 725 ppud
360 682 424 709 me
453 668 664 723 plurimum
695 670 822 720 vaiet,
876 681 915 712 et
944 671 1023 726 ipse
1050 672 1181 726 operis
1209 670 1326 712 huius
1356 670 1586 722 redemtor,
1631 670 1817 714 Bolim'us
1846 683 1973 724 meus,

230 774 340 814 cuius
364 774 605 816 vt'sententia
627 776 794 819 multum
825 770 1008 832 ponderis
1034 775 1195 826 habeat,
1225 775 1276 816 est
1298 776 1474 826 necesse,
1508 775 1619 818 valde
1648 753 1835 831 vrguent,
1887 778 1972 821 iure
2013 780 2016 786 '

229 878 422 932 poscunt,
460 890 502 920 vt
523 879 606 921 vela
631 881 887 932 contraham,
927 896 1106 938 opusque
1129 884 1364 938 quantocius
1385 882 1598 938 perducam
1623 882 1672 923 ad
1695 884 1845 925 exitum
1860 914 1873 934 ‚
1909 896 1972 933 ne,

231 993 272 1024 vt
303 983 374 1026 alia
405 985 648 1035 haud—leuia
685 989 990 1041 praetermittam
1026 998 1284 1042 argumenta,
1337 989 1474 1042 grandi
1511 987 1621 1030 mole
1655 982 1825 1030 leetores‘
1856 999 1974 1047 atque
2051 1013 2055 1017 -
2092 991 2097 996 ”

228 1100 398 1131 emtores
425 1091 701 1133 deterreantur.
780 1095 875 1134 Sunt
899 1095 1061 1151 quidem
1084 1094 1149 1136 alii
1165 1125 1180 1145 ‚
1227 1107 1302 1136 nec
1333 1097 1476 1149 pauci,
1515 1095 1594 1136 *viri
1621 1091 1727 1136 dotti
1744 1125 1758 1146 ,
1803 1078 1973 1150 praeser-

227 1195 298 1236 tim
318 1198 471 1247 exteri,
518 1198 588 1253 qui
607 1197 817 1248 suadeant,
861 1211 904 1240 vt
933 1199 1063 1250 nihil,
1108 1199 1217 1256 quod
1241 1198 1340 1240 olim
1365 1199 1528 1254 collegit
1550 1200 1599 1243 ad
1630 1202 1671 1242 B.
1693 1201 1764 1242 Gr.
1789 1176 1983 1250 eredidit

228 1273 451 1350 Fabricius,
495 1304 697 1352 omittam,
735 1305 860 1346 immo
887 1318 982 1346 vcro
1000 1309 1134 1348 omnia
1158 1319 1355 1360 exponam
1378 1305 1555 1365 latissime
1570 1336 1583 1357 ,
1622 1307 1713 1362 quia
1737 1319 1819 1347 non
1840 1302 1975 1348 cunffi

228 1406 360 1447 onmia
379 1437 390 1456 ,
438 1407 487 1448 ad
511 1420 613 1463 quae
635 1422 852 1463 prouocem
871 1440 884 1459 ‚
928 1410 1097 1466 scripta,
1146 1421 1212 1451 aut
1243 1411 1307 1453 vbi
1339 1426 1360 1452 a
1386 1411 1567 1454 Fabricio
1593 1411 1692 1453 olim
1719 1422 1871 1466 recepta
1891 1441 1903 1460 ,
1949 1382 1972 1451 a

227 1523 293 1551 me
314 1521 445 1552 autem
466 1512 643 1563 exclusa,
684 1517 924 1568 reperiantur
944 1519 1155 1570 repetitaue
1178 1514 1272 1567 fim,
1317 1518 1364 1558 ad
1385 1487 1524 1558 inanus
1550 1516 1740 1567 habeant,
1758 1501 1763 1506 ’
1781 1527 1822 1558 et
1842 1494 1973 1558 tamen

228 1611 441 1657 desiderent
468 1615 622 1670 legere,
670 1629 711 1659 et
733 1632 835 1674 quae
861 1619 956 1662 aliae
981 1620 1029 1662 ab
1057 1619 1132 1662 iliis
1155 1621 1300 1662 adduci
1329 1621 1456 1664 solent
1486 1622 1685 1671 rationes,
1731 1634 1879 1678 eaeque
1903 1592 1973 1663 adss

228 1719 393 1761 modum
416 1720 563 1764 validae
588 1737 660 1764 nec
688 1724 863 1766 iniustae.

607 1884 633 1903 ,,

391 1932 574 1974 Arduum
607 1936 726 1987 igitur
758 1950 859 1990 opus
881 1937 964 1986 est,
1013 1939 1195 1979 omnium
1235 1938 1315 1978 VV.
1344 1935 1554 1979 dot-‘iorum
1591 1937 1780 1978 voluntati
1813 1936 1971 1992 respon-

225 2032 330 2074 dere.
404 2040 550 2079 Interea
584 2051 712 2081 minen
749 2052 911 2097 propter
938 2045 1127 2098 temporis
1150 2045 1396 2100 iniquitatem
1426 2045 1686 2098 omniumque
1713 2056 1841 2084 rerum
1867 2042 1968 2084 cari-

222 2147 339 2179 tatem
357 2171 369 2190 ,
411 2156 511 2198 quae
534 2147 747 2187 maximam
773 2149 948 2203 Europae
974 2160 1121 2202 partem
1146 2152 1312 2204 premit,
1353 2149 1554 2202 marsupiis
1574 2148 1791 2190 multorum
1813 2144 1967 2192 funesto

220 2243 483 2302 diuturnoque
511 2249 616 2292 belto
649 2252 872 2303 exhaustis,
925 2254 1134 2296 necessitati
1166 2266 1205 2296 et
1237 2254 1379 2296 Bohnii
1412 2255 1490 2295 mei
1527 2253 1716 2296 voluntati
1745 2252 1967 2295 cedendum

220 2347 292 2390 effe
313 2351 539 2396 existimaui.
616 2359 752 2410 Quare
771 2373 855 2401 non
875 2359 1004 2401 solum
1022 2360 1205 2402 breuituti
1222 2360 1347 2402 studui
1367 2374 1487 2415 quam
1510 2361 1710 2407 maxime5
1754 2357 1819 2400 sed
1844 2359 1965 2401 etiam

1849 2461 1961 2517 plura
