2109 2761
104 159 419 206 voi-vir-msimg
529 145 856 196 THEODORETI
884 160 1054 196 EDITIO
1083 159 1417 196 SIRMONmANA
1472 159 1740 196 &famarm
1795 170 1858 205 279

102 269 205 293 anum
222 253 351 292 detulit.
373 258 429 305 qui
453 268 511 304 per
527 259 776 303 imperatorem,
794 252 1034 291 Theodosium
1054 258 1234 297 iuniorem,
1247 255 1439 305 prohibitus
1456 252 1598 290 dioecesi
1617 252 1670 290 sua
1687 253 1857 296 excedere,

101 305 214 345 absens
231 305 403 343 damna·us
421 305 483 344 fuit
500 311 532 344 iii
549 307 681 354 synodo
700 307 846 360 λυςςικῇ
862 306 1026 356 Ephesum
1042 322 1069 344 a.
1087 311 1126 344 C.
1143 319 1222 353 449.
1251 307 1306 355 ⁹⁷)
1359 305 1423 343 Sed
1445 310 1477 342 in
1496 305 1762 343 chalcedonensi
1786 303 1856 353 syn-

102 359 174 395 odo
198 363 317 396 iterum
337 359 456 396 deinde
473 360 545 409 post
569 360 782 403 damnatum,
810 360 904 411 quod
929 373 1027 410 aegre
1044 357 1140 401 feeit,
1165 359 1371 401 Nestorium,
1397 357 1566 396 absolutus
1582 370 1614 395 et
1631 357 1696 395 sedi
1719 357 1792 394 sune
1811 372 1857 393 re-

101 411 229 449 stitutus
258 412 304 448 est
331 427 358 448 a.
382 414 421 448 C.
445 424 511 458 451.
539 412 694 449 damnata
722 424 832 450 tamen
846 411 1053 448 Theodoriti
1078 411 1233 449 aduersus
1259 412 1432 458 Cyrillum
1453 410 1587 460 scripta,
1615 412 1660 447 ob
1682 425 1765 461 quae
1793 408 1859 459 ipse

101 463 220 514 paffiui
249 479 267 500 a
294 467 426 502 Graecis
449 464 636 502 accensetur
660 467 831 502 haereticis
857 478 933 501 eum
957 467 1104 513 Origene
1125 475 1177 507 et,
1232 478 1332 516 quem
1361 467 1393 499 in
1422 463 1510 498 calce
1536 464 1705 499 Historiae
1733 461 1857 503 laudat,

101 517 298 566 Theodoro
316 516 557 566 Mopsuesleno
572 529 632 553 ete.
660 517 900 567 damnatusque
921 517 967 553 est
990 530 1066 553 cum
1091 518 1194 553 tribus
1215 517 1365 565 capitulis
1387 519 1421 551 in
1435 514 1571 560 synodo
1588 519 1630 552 V.
1647 515 1750 551 CPol.
1772 529 1800 551 a.
1817 516 1857 551 C.

103 580 169 614 553.
197 570 241 615 [v.
256 569 389 606 collec‘l.
416 570 593 606 concilior.
610 570 778 606 Harduin.
801 580 884 606 tom.
903 572 946 606 11.
966 582 998 619 p.
1016 575 1081 614 498
1098 568 1180 620 sqq.]
1236 569 1390 606 Habetur
1402 570 1501 603 etiam
1525 582 1542 603 a
1565 567 1676 603 multis
1690 567 1858 603 Theodo-

102 634 189 660 retus
208 621 279 671 post
295 621 525 659 Theodorum
542 621 819 671 Mopsuellenum
835 619 912 658 fons
928 625 1069 665 erroris,
1092 635 1163 671 quo
1180 620 1316 657 ecclesia
1333 633 1450 670 graeca
1473 634 1490 655 a
1512 620 1623 656 latinis
1645 617 1734 656 sciffa
1753 619 1798 655 est
1818 618 1859 655 de

100 675 223 724 Spiritu
238 675 271 710 S.
287 688 304 709 a
324 677 414 710 Patre
430 672 502 709 solo
517 676 562 719 ³¹)
590 675 804 723 procedente.
857 677 946 714 Nam
963 677 1189 724 Epiphanius,
1216 673 1367 720 Cyrillus
1381 682 1413 708 et
1428 672 1481 708 alii
1498 670 1588 708 haud
1605 671 1744 708 obscure
1761 675 1861 707 etiarn

100 741 119 763 a
135 728 224 764 Filio
241 725 398 762 eumdem
415 724 597 776 procedere
614 726 818 766 docuerunt,
852 740 1000 777 quorum
1017 727 1205 763 testimonia
1220 726 1358 775 collegit
1375 726 1541 760 Iohannes
1557 727 1689 764 Recens,
1706 725 1744 766 “)
1783 723 1859 759 1²0ss

100 780 300 816 Concilium
315 777 589 815 Chalcedonense
603 778 718 815 vixisse
731 779 840 816 adhuc
854 791 962 816 annos
976 782 1107 816 circiter
1123 778 1252 820 decem.
1282 792 1321 813 ex
1337 775 1515 814 Gennadio
1532 778 1749 813 etClironico
1767 778 1858 811 Mar-

101 831 213 868 cellini
232 831 381 867 Labbeus
395 830 537 879 colligit.
577 830 641 866 Sed
659 846 731 867 non
751 832 835 867 vltra
850 845 977 867 annum
994 843 1064 876 457.
1081 834 1181 867 vitain
1198 828 1404 881 produxisse,
1434 829 1665 865 Tillcmontio
1682 827 1860 864 adsentior.

102 881 307 930 [Adseiititur
326 894 466 978 {pioque
481 883 616 918 Schulze
629 883 652 920 l.
677 897 704 918 c.
721 896 754 932 p.
773 894 826 928 27.
850 894 881 919 at
902 884 1025 921 Oudiu.
1044 896 1080 934 p.
1103 886 1199 928 1064.
1223 880 1441 920 Tlieodoreti
1469 891 1618 918 mortem
1641 896 1670 922 a.
1697 886 1768 927 458.
1791 894 1860 916 nia·

97 936 139 974 lit
168 932 323 970 adserere.

269 1055 449 1102 Operum
481 1055 745 1103 Theodoram,
799 1057 893 1092 edit.
930 1056 1253 1093 Grani-olorinae
1284 1055 1600 1092 Sirmondiana'e
1625 1049 1679 1102 ὴ)

877 1109 1021 1144 Tomus
1054 1111 1084 1144 l.

269 1195 294 1218 1.
322 1188 380 1222 Εἷς
401 1181 454 1222 τοὶ
476 1179 602 1235 ἄποροι
623 1184 689 1229 τῆς
704 1181 809 1225 ,θείοις
824 1187 975 1237 γραφῆς
997 1186 1081 1226 κατ’
1099 1185 1256 1234 ἔκλε’γῆν.
1311 1186 1518 1234 Quafstiones
1540 1189 1574 1222 in
1594 1185 1860 1226 pentateuchum,

98 1236 272 1285 Irfimeque
294 1237 409 1270 Iibmm
432 1242 463 1270 et
478 1238 643 1277 luditum,
674 1235 811 1286 scriptae
834 1242 919 1274 circa
940 1253 967 1273 a.
983 1241 1023 1274 C.
1038 1249 1108 1282 453.
1127 1240 1280 1287 precibus
1299 1241 1454 1288 Hypatii,
1483 1252 1584 1288 quem
1602 1240 1783 1286 φίλτατον
1799 1237 1862 1284 ²24?

97 1293 186 1339 ὅροισ
214 1285 363 1326 ιῶτατον
389 1283 520 1326 παίδων
549 1286 707 1336 adpellat.
769 1291 894 1326 Graece
917 1288 1023 1326 edidit
1046 1292 1095 1326 Io.
1122 1292 1225 1326 Picus
1250 1290 1399 1327 claffiuiii
1426 1290 1712 1340 inquisitoriarum
1735 1288 1863 1325 senatus

96 1305 285 1381 Parilis-usis
304 1337 442 1388 praeses,
471 1353 511 1375 ex
529 1352 598 1376 vno
617 1337 781 1377 mendoso
800 1340 935 1378 Asulani
961 1340 1092 1384 codice,
1120 1346 1156 1378 in
1177 1356 1247 1393 quo
1266 1346 1410 1393 primam
1428 1354 1460 1379 et
1477 1343 1679 1392 poslremaiii
1696 1340 1861 1392 quaestio-

96 1406 175 1431 nem
190 1394 232 1426 ait
250 1389 280 1427 se
297 1404 315 1426 e
329 1393 454 1427 Catena
469 1394 668 1428 Oecumeuii
688 1391 896 1442 suppleuiffe.
926 1393 1023 1430 Paris.
1039 1401 1123 1440 1558.
1140 1406 1173 1439 4.
1189 1399 1235 1437 m')
1289 1398 1417 1437 Latine,
1437 1395 1559 1431 eodem
1575 1397 1654 1431 Pico
1671 1398 1861 1442 interprete,

96 1442 178 1482 ibid.
205 1445 290 1489 1563-
315 1456 399 1492 quae
419 1442 525 1479 versio
550 1444 652 1479 exstat
671 1454 702 1480 et
724 1448 757 1480 in
771 1446 882 1482 latinis
900 1460 1041 1495 operum
1058 1445 1274 1483 Theodoreti
1292 1446 1497 1483 editionibus
1515 1457 1547 1482 et
1565 1462 1580 1483 a
1597 1446 1782 1483 Sirinondo
1799 1442 1860 1480 ser-

96 1507 170 1533 vata
186 1496 243 1537 est,
274 1497 329 1545 qui
347 1509 363 1530 e
381 1493 498 1530 codice
518 1499 611 1545 regio
626 1495 732 1546 longe
747 1497 882 1534 meliori
898 1498 994 1548 plura
1013 1498 1162 1540 restituit,
1176 1509 1207 1534 et
1225 1497 1480 1548 praefationem,
1497 1510 1591 1534 antea
1608 1498 1778 1539 ineditam,
1794 1499 1861 1546 pri·

96 1562 172 1586 mus
190 1562 268 1584 cum
292 1546 443 1582 versione
464 1546 517 1584 sua
541 1547 719 1596 praemisit.
747 1550 848 1585 Fabr.
903 1553 940 1586 In
961 1548 1038 1585 edit.
1055 1550 1188 1587 Schulz.
1203 1561 1286 1586 tom.
1304 1553 1328 1587 1.
1347 1562 1443 1600 partt.
1463 1554 1503 1587 11.
1521 1551 1593 1588 sunt
1615 1564 1672 1592 ea⁷
1701 1563 1784 1600 quae
1802 1550 1860 1584 Fa-

97 1601 178 1638 bric.
204 1614 255 1636 nr.
274 1612 298 1634 1.
316 1611 343 1633 2.
360 1611 387 1642 3.
406 1609 438 1635 et
453 1611 484 1642 4.
501 1602 710 1642 nominauit,
738 1599 866 1651 scripta.
919 1601 985 1638 Sed
1004 1603 1137 1639 Schulz.
1156 1606 1189 1638 in
1204 1601 1310 1652 praef.
1328 1603 1367 1638 ad
1386 1613 1467 1638 tom.
1487 1606 1527 1642 V,
1547 1615 1570 1638 1.
1588 1616 1663 1652 pag.
1677 1604 1735 1637 VI.
1753 1600 1798 1650 sq.
1821 1604 1860 1636 iis

98 1651 246 1693 inicedit,
282 1654 339 1701 qui
363 1651 569 1693 existimant,
604 1652 814 1702 quaestiones
836 1652 974 1690 Theod.
998 1657 1033 1690 in
1057 1656 1303 1691 Oc‘lateuclium
1324 1654 1475 1704 aliosque
1499 1654 1674 1690 liissoricos
1691 1657 1732 1690 V.
1749 1655 1795 1688 T.
1819 1654 1859 1689 li·

98 1706 188 1746 bros,
219 1718 257 1739 ex
283 1714 374 1752 parte
395 1701 582 1739 admodum
604 1705 743 1754 longas,
774 1719 846 1741 non
863 1707 969 1742 vbinis
991 1716 1101 1742 autem
1120 1705 1191 1742 satis
1208 1709 1440 1752 cohaerentes,
1468 1704 1532 1742 esse
1559 1707 1718 1742 conflatas
1738 1719 1776 1741 ex
1797 1707 1860 1740 mi-

98 1758 237 1795 noribus
258 1755 393 1792 scholiis
418 1754 462 1792 ad
485 1756 577 1793 hunc
602 1756 767 1809 illumque
786 1758 905 1795 locum
927 1757 1182 1802 illustrandum,
1211 1760 1250 1795 ab
1275 1759 1337 1795 illo
1357 1757 1564 1809 compositis.
1591 1778 1643 1785 —
1697 1755 1860 1793 Praesidia

1746 1820 1858 1844 ausen]

141 1928 197 1970 rr)
221 1926 336 1960 Confer
349 1928 482 1962 Petrum
497 1926 534 1962 'de
551 1929 670 1961 Marcu
685 1932 754 1961 VII.
771 1936 797 1965 8.
820 1929 858 1961 de
872 1933 954 1962 Con·
1051 1933 1106 1969 uu)
1129 1931 1195 1963 Iac.
1217 1928 1406 1962 sirmondus
1430 1931 1456 1960 S.
1478 1933 1501 1960 1.
1523 1939 1673 1959 annorum
1697 1929 1857 1958 LXXXIII.

97 1973 204 2005 cordia
225 1972 394 2003 Sacerdotii
409 1982 440 2004 et
455 1975 598 2015 Imperii,
622 1982 652 2003 et
668 1973 836 2006 thricum
851 1975 953 2007 Noris
1007 1973 1107 2010 senex,
1132 1976 1295 2004 Frontonis
1312 1976 1402 2003 etiam
1422 1975 1536 2003 Ducaei
1559 1972 1679 2002 adiutus
1699 1971 1856 2001 laboribus

99 2016 166 2047 diss'.
187 2016 224 2046 de
241 2015 356 2051 smoclo
374 2020 413 2048 V.
439 2028 504 2059 cap.
522 2019 572 2047 xl.
598 2015 730 2055 [oudin.
748 2018 768 2049 l.
784 2030 809 2050 c.
827 2030 856 2061 p.
872 2025 952 2057 1058.
1006 2019 1153 2056 insignem
1184 2028 1312 2059 operum
1336 2015 1531 2047 Tlieodoriti
1564 2015 1731 2045 editionem
1762 2014 1856 2045 dedit.

98 2060 139 2103 sq.
158 2059 290 2092 Sclmlzc
305 2061 335 2088 iii
350 2062 413 2090 vita
428 2069 484 2090 etc.
501 2071 530 2102 p.
549 2070 584 2090 22
602 2060 679 2102 sqq.]
1007 2061 1097 2091 Par-is.
1116 2067 1200 2098 1642.
1225 2059 1279 2090 fol.
1298 2068 1430 2102 quatur-r
1452 2060 1567 2090 volum.
1607 2059 1685 2091 Vidi*
1700 2058 1856 2089 Sarrciuii

141 2105 194 2143 ss)
218 2104 396 2135 Gai-uerius
420 2105 556 2133 auam-'io
578 2103 772 2135 Theodoriti
794 2115 863 2147 pag.
885 2114 949 2143 194.
1004 2104 1146 2145 epistolas
1171 2115 1239 2146 pag.
1261 2113 1307 2141 54.
1331 2103 1405 2133 edit.
1427 2105 1566 2145 primae,
1600 2112 1628 2141 er
1651 2101 1793 2144 epistolas
1817 2101 1854 2131 :id

96 2147 142 2180 Io.
171 2145 358 2188 Pearsom'us
389 2147 425 2176 nd
460 2145 628 2182 symbolum
655 2148 856 2189 apostolicum
879 2159 949 2190 pag.
1003 2147 1115 2178 calcem
1145 2147 1291 2189 epistolae
1315 2150 1342 2177 S.
1360 2147 1525 2177 Clementis
1543 2148 1686 2182 Romani,
1713 2145 1809 2175 editas
1837 2154 1854 2175 a

97 2199 159 2230 571.
173 2191 232 2233 seq.
256 2190 329 2221 edit.
350 2190 472 2221 latinae.
495 2191 538 2222 Io.
558 2190 720 2234 Forbefius
740 2193 873 2222 instiud't.
902 2194 949 2222 hi·
1001 2191 1160 2234 Colomzfio
1185 2201 1254 2233 pag.
1278 2200 1344 2229 254.
1390 2192 1443 2230 [V.
1462 2193 1537 2224 Not.
1554 2201 1583 2231 p.
1599 2190 1687 2229 277]

94 2236 209 2274 ⁴{terico
224 2234 360 2272 theolog.
376 2234 429 2264 lib.
446 2237 484 2265 V.
499 2246 562 2276 cap.
579 2237 631 2265 VI.
668 2236 808 2267 Allatius
824 2238 855 2266 iii
871 2237 947 2266 Vin-

97 2276 187 2308 diciis
204 2277 317 2313 synodi
334 2279 498 2320 Ephesinae
521 2288 550 2308 ct
566 2277 670 2313 cyrilli
696 2278 733 2310 de
758 2280 947 2322 proceffione
1042 2283 1098 2313 vv)
1121 2277 1210 2309 Conf.
1226 2277 1427 2319 Hamberger
1443 2280 1474 2308 Z.
1493 2279 1532 2308 N.
1547 2279 1601 2307 111.
1618 2286 1647 2318 p.
1667 2280 1725 2309 188.
1745 2283 1853 2312 graeca

97 2323 226 2364 Spiritus
242 2324 268 2351 S.
286 2332 320 2352 ex
335 2331 420 2364 patre
441 2321 564 2353 et‘filio.
592 2330 595 2332 “
678 2331 698 2343 ν·
1000 2329 1115 2353 tantuin
1134 2322 1207 2353 edit.
1226 2324 1286 2353 fine
1301 2324 1439 2352 versione
1457 2321 1508 2351 lat.
1526 2321 1702 2350 nominatur
1717 2321 1807 2348 ctiam
1821 2320 1851 2347 in

141 2366 183 2405 tt)
207 2365 321 2396 Bcccus
345 2365 382 2395 de
401 2367 589 2408 process'ioue
607 2366 736 2409 Spiritus
750 2367 777 2398 S.
791 2368 824 2397 iu
840 2365 944 2398 Allatii
999 2376 1056 2396 cat.
1080 2366 1153 2398 bibl.
1175 2367 1376 2400 Barbermae
1391 2369 1432 2398 11.
1457 2375 1488 2408 p.
1507 2374 1574 2403 452.
1594 2360 1738 2396 Leidei‘is.
1757 2373 1786 2404 p·
1804 2371 1852 2400 72·

97 2409 224 2439 Graecia
239 2409 424 2441 orthodoxa.
997 2409 1095 2444 Harl.
