2109 2761
146 173 246 204 voiv,
263 182 289 205 v.
301 172 437 205 ινοτςοο
807 170 898 207 Ami
921 167 1176 206 NICEPHORI
1565 166 1638 202 Lib.
1650 167 1697 204 V.
1708 180 1733 203 c.
1747 168 1776 204 I.
1831 171 1899 215 609

317 207 442 220 ῌ

147 271 189 307 lis
218 268 351 313 Niceph.
381 265 596 314 Cliartopliyl.
622 264 662 302 ad
683 264 928 307 Theodofium,
952 265 1159 301 monachum
1185 262 1413 301 Corinthium,
1431 263 1674 298 continentibus
1697 260 1898 300 solutionem

147 319 369 372 quarumdam
388 317 629 368 quaestionum,
653 330 805 369 excerpta
823 316 893 355 sunt
911 322 943 354 in
959 316 1034 354 cod.
1054 320 1152 354 Laur.
1172 314 1298 351 Medic.
1317 317 1358 351 ΙΙ.
1387 328 1436 350 nr.
1461 322 1513 354 82.
1534 314 1616 364 plur,
1638 317 1679 350 V.
1697 327 1727 350 et
1756 317 1897 352 Bonam.

147 378 183 410 in
200 385 260 412 cat.
278 371 376 408 codd.
394 385 442 421 gr,
463 374 500 407 u.
521 384 597 422 pag.
613 383 648 417 9.
675 372 769 421 plura
785 374 837 408 hic
852 369 914 407 effe
929 380 1099 420 excerpta,
1127 381 1228 417 quani
1246 371 1279 402 iii
1296 366 1487 403 Leuiiclauii
1506 370 1575 403 iure
1592 380 1643 415 gr.
1665 381 1752 405 rom.
1771 369 1842 404 libr.
1858 372 1897 406 V,

147 439 180 476 p.
208 438 266 470 34.
295 421 454 461 obferunt.
484 443 533 452 --
589 425 626 459 ln
651 426 786 466 decreto,
807 423 896 460 edito
919 426 1004 459 eirca
1029 424 1186 457 viiioneni
1211 418 1329 466 synodi
1353 433 1429 455 cuin
1456 421 1568 456 Leone
1583 419 1847 457 Chalcedonenli
1869 432 1901 457 et

148 482 234 515 circa
254 479 342 526 piam
360 475 552 513 sententiam
573 474 613 512 de
628 475 821 513 adoratione
839 477 1040 524 imaginum,
1066 474 1106 509 ab
1125 477 1325 523 imperatore
1352 493 1400 500 —
1442 472 1565 508 Alexio
1581 474 1775 515 Comneno,
1791 473 1899 523 (quod

149 530 318 567 decretum
341 530 528 576 Auonffauc.
554 531 586 564 in
604 529 752 564 biblioth.
769 529 873 565 Coisl.
896 541 927 576 p.
945 539 1008 570 ¹03.
1036 524 1106 575 sqq.
1133 539 1171 561 ex
1193 524 1268 560 cod.
1288 526 1419 561 Coisli'n.
1435 524 1581 560 xxxvl.
1603 538 1720 574 graece
1741 539 1818 561 cuni
1846 527 1899 563 lat.

150 580 299 618 versione
313 580 495 631 vulgauit.)
522 584 606 616 inter
619 591 844 630 congregatos
866 589 1047 617 occurrunt
1072 578 1287 624 Nicephorus,
1308 578 1465 624 Gangrtie
1480 575 1666 626 episcopus,
1687 589 1718 613 et
1741 578 1898 626 Nicepho-

150 648 220 676 rus,
241 635 410 673 diacoma,
439 636 514 669 olim
538 635 798 682 Chartopliylax‚
825 653 876 661 —
911 633 949 668 In
974 631 1051 670 cod.
1076 632 1210 667 coislin.
1236 632 1281 674 (v.
1302 627 1494 667 Momfauc.
1516 629 1592 665 bibl.
1618 630 1723 665 Coisl.
1748 644 1779 680 p.
1802 635 1899 677 325.)

150 686 287 735 epistola
314 685 354 722 ad
377 684 606 727 Methodiurn,
633 698 725 722 mon.
742 683 970 734 responsiones
983 683 1025 720 ad
1049 685 1155 723 Xvn,
1180 685 1382 732 interrogata
1410 681 1716 731 comprehendens,
1743 684 1899 719 tribuitur

155 739 332 781 Theodoro,
359 736 527 789 quamsub
540 738 671 784 Nicepli.
693 738 795 775 CPol.
819 739 959 775 nomine
981 750 1033 788 gr.
1052 747 1083 773 et
1099 735 1313 785 lat.vulgauit
1336 735 1474 772 Coreli-r.
1500 745 1583 773 tom.
1599 736 1899 772 ll.monument0r.

151 789 306 827 ecclefiae
332 804 383 842 gr.
410 804 442 841 p.
470 803 538 838 453.
597 788 701 827 Harl.

318 887 396 922 Vita
409 884 577 930 mossyni,
595 887 824 935 Areopagitae.
854 898 937 936 quae
955 883 1164 933 Nicephoro,
1182 882 1378 924 CPolitano‚
1397 883 1551 919 tribuitur
1567 885 1600 919 in
1614 883 1770 934 catalogo
1787 885 1901 921 Barbe-

151 939 243 973 rinae
258 937 334 973 bibl.
350 949 382 974 et
397 937 498 974 exstat
516 941 549 973 in
572 936 648 977 edit,
667 937 821 984 Dionysii
839 937 1045 975 Corderiana
1069 945 1153 972 tom.
1175 937 1212 970 Π.
1235 948 1311 985 pag,
1327 947 1402 979 204.
1425 937 1526 985 petita
1543 935 1586 972 est
1603 949 1643 972 ex
1670 935 1756 972 libro
1776 939 1815 973 11.
1843 939 1902 973 Ni·

151 991 288 1039 cephori
305 989 431 1027 Callisti
446 989 516 1026 hist.
536 987 651 1026 eccles.
667 1004 736 1040 cap.
750 1003 805 1028 20.
859 988 1155 1041 Qeinadmodum
1171 986 1294 1024 scholia
1309 991 1342 1024 in
1359 986 1546 1033 synestum,
1566 987 1673 1024 eidem
1693 990 1900 1039 Nicephoro‚

153 1042 350 1090 CPolitam,
371 1040 530 1093 adscripta
550 1045 584 1078 iii
605 1042 728 1078 eodem
750 1043 926 1093 catalogo,
961 1041 1088 1078 conflat
1111 1039 1174 1076 effe
1198 1042 1380 1088 Nicephori
1402 1042 1583 1089 Gregorae.
1637 1041 1737 1077 Fabr.
1791 1045 1903 1078 Vitam

152 1096 288 1131 loannis
304 1094 510 1145 Cappadocis
525 1093 647 1143 scripsit
663 1096 736 1132 Nic.
750 1097 853 1136 CPol.
871 1099 906 1132 in
924 1093 1000 1132 cod.
1025 1091 1120 1130 Paris.
1137 1093 1342 1129 CCLXXVI.
1360 1106 1390 1127 v.
1407 1090 1514 1135 infra,
1548 1093 1604 1129 lib.
1627 1094 1668 1128 V.
1691 1106 1719 1128 c.
1744 1105 1799 1137 40.
1825 1093 1902 1130 Vol.

154 1147 195 1182 X.
216 1160 249 1198 p.
273 1145 346 1191 164.
376 1157 440 1186 vet.
465 1145 516 1183 ed.
570 1146 671 1181 Harl.

323 1240 414 1276 Alius
436 1238 500 1276 fuit
525 1239 836 1287 NiCEPHoRUs‚
863 1241 969 1289 presb.
992 1253 1136 1289 magnae
1156 1237 1312 1276 ecclesiae
1334 1239 1366 1273 S.
1389 1237 1536 1287 Sophiae
1560 1238 1681 1281 cpoli,
1715 1241 1808 1275 cuius
1833 1242 1905 1276 vita

154 1291 188 1327 S.
205 1291 368 1333 Andreae,
390 1295 597 1340 cognomine
610 1294 722 1334 σαλέ,
742 1291 982 1341 fiueſsmpliris,
998 1290 1114 1338 scripta
1131 1291 1204 1340 post
1222 1289 1337 1326 saeculi
1355 1288 1476 1325 decimi
1494 1289 1656 1333 medium,
1685 1304 1769 1341 quae
1786 1305 1905 1340 graece

156 1355 176 1378 e
191 1344 264 1382 MS,
284 1345 446 1378 Vaticano
462 1353 496 1378 et
509 1345 741 1378 Mazariuiano
758 1341 784 1386 ¹)
810 1356 888 1379 cum
907 1342 1055 1380 Conradi
1071 1344 1224 1390 lanningi
1239 1341 1389 1378 versione
1404 1351 1436 1376 et
1451 1343 1539 1377 notis
1555 1341 1658 1378 exstat
1680 1345 1714 1379 in
1739 1344 1817 1379 actis
1834 1341 1905 1380 san-

156 1402 220 1430 tor.
240 1393 279 1430 ad
295 1401 346 1434 28.
363 1395 447 1430 Maii
472 1405 555 1430 tom.
573 1398 628 1433 Vi.
653 1405 684 1430 et
702 1404 836 1431 centum
852 1396 996 1445 amplius
1013 1397 1148 1445 paginas
1165 1394 1325 1443 complet.
1380 1393 1529 1429 Habetur
1545 1405 1577 1430 et
1596 1395 1670 1434 MS,
1686 1398 1719 1431 in
1735 1396 1812 1432 bibl.
1828 1398 1907 1432 Vin-

155 1444 349 1483 doboneuss.
403 1445 489 1482 Vide
504 1446 674 1495 Neffilium
691 1458 783 1496 parte
805 1451 844 1486 V.
870 1462 945 1498 pag.
965 1461 1030 1493 ¹73-
1084 1446 1230 1483 Andreas
1249 1460 1328 1482 vero
1355 1445 1412 1481 iste
1432 1458 1504 1481 non
1519 1444 1581 1482 fuit
1597 1444 1653 1482 sub
1670 1450 1782 1484 Leone
1797 1449 1909 1484 Thra·

157 1511 196 1534 ce
210 1497 289 1535 saec.
307 1501 348 1538 V,
375 1495 426 1534 sed
444 1499 557 1536 Leone
574 1497 735 1548 sapiente,
763 1509 794 1534 et
811 1498 984 1550 deinceps,
1009 1499 1090 1535 saec.
1107 1500 1145 1535 X.
1166 1509 1200 1534 vt
1217 1501 1398 1548 Ianniiigus
1420 1497 1662 1535 animaduertit.
1722 1502 1812 1537 Citat
1832 1502 1907 1538 MS.

161 1552 309 1603 Congius
323 1549 364 1587 ad
379 1555 541 1588 Zonaram
558 1563 632 1600 pag.
648 1562 701 1596 ²9·
719 1561 752 1586 et
766 1550 858 1586 alibi.

330 1646 421 1681 Alius
436 1657 571 1695 quoque
589 1645 885 1683 NiCEPHORUs
903 1647 942 1682 Π.
959 1646 1148 1693 patriarcha
1165 1644 1372 1681 cpolitanu:
1386 1643 1459 1695 post
1476 1643 1664 1691 Arscnium‚
1692 1656 1786 1684 antea
1800 1647 1910 1698 Ephe·

161 1696 246 1735 sinus
263 1696 457 1746 episcopus,
483 1698 589 1733 clarus
608 1696 664 1734 sub
681 1698 851 1735 Michaele
875 1699 1078 1748 Palaeologo
1095 1699 1182 1733 circa
1198 1711 1226 1732 a.
1244 1699 1284 1733 C.
1307 1708 1406 1743 1259.
1469 1699 1654 1742 Incertum,
1690 1701 1768 1736 huic
1789 1714 1831 1736 ne
1854 1703 1909 1736 tri-

163 1749 332 1786 buendum
351 1751 604 1794 Om‘mnistmn,
631 1749 722 1800 quod
742 1748 797 1786 sub
816 1753 999 1798 Nicephori‚
1020 1751 1196 1788 Cl'oli'tani
1216 1751 1431 1797 patriarchae,
1447 1754 1586 1787 nomine
1603 1750 1746 1787 versibus
1762 1753 1910 1789 iambicis

163 1800 286 1848 sevus,
313 1802 370 1849 [T]
399 1812 429 1837 et
456 1814 495 1837 ex
514 1800 772 1849 Ailrampsycho
790 1817 946 1854 magnam
965 1814 1092 1852 partem
1111 1802 1153 1837 «ss
1173 1799 1390 1850 descriptum,
1416 1800 1458 1837 de
1475 1815 1543 1852 quo
1559 1803 1624 1838 dixi
1640 1804 1695 1843 lib.
1711 1807 1767 1840 lv.
1805 1805 1912 1840 Fabr.

164 1867 238 1902 cap,
258 1866 300 1900 ¹5-
323 1868 343 1902 p
370 1857 444 1890 266,
470 1857 546 1890 voi.
564 1857 603 1893 V,
631 1856 830 1902 Nicephorv,
855 1857 1061 1903 patriarrhac
1080 1855 1276 1894 CPolilano,
1298 1852 1449 1889 tribuitur
1476 1857 1733 1893 orieirocriticon
1756 1859 1790 1892 in
1809 1854 1910 1893 codd.

165 1907 303 1953 Par-isin.
320 1908 583 1943 MMCDxciv.
605 1921 655 1944 nr.
674 1920 719 1943 12.
742 1909 917 1944 MMDxi.
945 1909 997 1944 vbi
1015 1909 1109 1959 plura
1123 1907 1185 1943 alia
1202 1904 1327 1942 exstant
1342 1908 1584 1949 oneirocritica,
1611 1918 1642 1943 et
1658 1909 1911 1945 MMDCXXV.

166 1958 218 1994 vbi
235 1961 377 2005 margini
391 1958 467 1994 cod.
481 1960 601 1994 Suidae
615 1957 723 1995 versus
743 1962 975 1997 oneirocritici.
1005 1981 1053 1987 —
1078 1972 1139 1995 nec
1154 1972 1225 1995 non
1242 1959 1275 1992 in
1290 1956 1364 1997 cod.
1381 1959 1496 1994 Medic.
1517 1960 1583 1993 Lu,
1606 1973 1654 1995 nr.
1681 1963 1733 1997 16.
1757 1961 1839 2009 plut.
1862 1971 1912 2003 32.

166 2025 198 2045 v.
226 2011 297 2045 Bau
311 2013 366 2047 im.
391 2021 452 2046 cat.
471 2009 567 2048 codd.
587 2023 637 2060 gr.
658 2013 696 2047 ΙΙ.
720 2025 750 2060 p.
773 2026 839 2050 aia.
899 2011 986 2050 Add.
1006 2013 1152 2047 Lambcc.
1173 2023 1300 2045 coium.
1321 2008 1360 2045 de
1382 2011 1455 2047 bibl.
1481 2010 1624 2046 Vindob.
1638 2008 1717 2047 caes.
1737 2015 1822 2060 v.p.
1836 2018 1913 2055 488.

167 2060 223 2151 {iz
245 2074 282 2150 let
315 2062 392 2098 vol.
417 2063 471 2098 Vi.
501 2075 533 2112 p.
556 2075 624 2109 253.
664 2064 717 2100 vbi
742 2070 776 2101 in
809 2064 885 2103 cod.
907 2066 982 2102 XX.
1011 2077 1062 2100 nr.
1087 2075 1115 2110 5.
1150 2064 1291 2112 Niceph.
1323 2060 1430 2099 eidem
1462 2063 1611 2099 tribuitur
1634 2065 1911 2102 Oneirocritieon.

224 2126 265 2151 r.
1683 2128 1688 2133 ·

1819 2190 1915 2228 Alius

219 2310 241 2343 Ι)
264 2311 298 2341 In
312 2310 379 2342 eod.
398 2310 499 2354 Paris.
511 2310 692 2343 MDvan.
707 2321 787 2349 ur.3.
810 2313 841 2343 in
854 2311 919 2343 cod.
933 2311 1022 2344 Paris.
1065 2322 1135 2343 nen
1149 2311 1272 2342 euenire
1288 2309 1410 2346 deheim
1432 2310 1585 2349 finguntur
1599 2315 1698 2340 autem
1715 2310 1793 2340 inter
1809 2308 1837 2340 se
1852 2307 1918 2340 eol-

175 2354 398 2386 uncnxcw.
421 2367 463 2385 nr.
482 2365 519 2390 ις.
545 2355 561 2385 s
578 2365 607 2385 nt
632 2365 767 2396 excerpta
787 2366 824 2386 ex
846 2355 930 2386 libris
958 2358 1022 2388 An-
1066 2356 1222 2398 loquentes
1240 2354 1369 2384 Andreas
1386 2353 1436 2383 ille
1460 2361 1490 2384 et
1511 2355 1538 2384 S.
1565 2354 1758 2395 Epiphanius.
1788 2368 1829 2376 -
1873 2355 1919 2383 De

174 2396 268 2428 areae
289 2398 326 2426 τί
342 2392 386 2426 διὲ
400 2398 496 2438 χρὴ-ἐι
518 2400 616 2434 auxi,
648 2399 698 2428 vbi
717 2399 751 2428 de
778 2401 831 2433 iii,
854 2402 896 2429 nir
918 2400 1024 2430 ιυξὶοι·
1067 2400 1133 2430 eod.
1163 2397 1295 2430 Vindolt.
1315 2397 1463 2428 xxxvii.
1488 2395 1572 2438 plura
1598 2397 1706 2437 scripfit
1730 2403 1758 2426 et
1781 2402 1920 2439 excerpto

176 2439 259 2471 ent-1.
275 2441 362 2472 codd.
381 2441 484 2485 Paeris.
499 2444 536 2475 u.
559 2454 589 2485 p.
608 2451 671 2480 5¹0·
693 2452 769 2485 quae
788 2441 841 2474 sub
864 2443 968 2475 mundi
990 2444 1024 2474 fi·
1067 2442 1151 2474 dedit
1171 2440 1313 2473 Lambec.
1331 2450 1440 2476 comm.
1457 2441 1540 2473 Vffl.
1563 2439 1623 2473 col.
1637 2447 1704 2478 804.
1726 2438 1790 2481 sqq.

219 2508 291 2541 Vol.
309 2508 390 2542 Vll.
1091 2502 1127 2538 H
1150 2503 1171 2537 h
1193 2502 1216 2536 li
1239 2501 1264 2537 h
