2109 2761
696 137 925 175 GREGORII
951 139 1054 175 NAZ.
1084 140 1282 177 CODICES
1491 143 1736 183 LunVJJX.
1791 153 1854 193 389

93 247 230 276 m‘eana,
258 246 335 271 cum
351 231 558 283 paraphrasi,
587 230 674 269 edita
693 233 733 268 ab
749 231 954 269 Hoeschelio
974 247 1025 283 gr.
1042 233 1150 284 Lugd.
1169 247 1252 281 ¹591-
1283 255 1333 263 ·--
1361 237 1403 273 ib.
1419 251 1450 286 p,
1471 249 1519 273 22.
1538 253 1586 274 nr.
1606 251 1654 275 10.
1677 254 1852 291 excerptae

89 288 249 336 Gregorii
262 288 345 322 Naz.
361 296 393 321 et
412 288 459 321 10.
474 283 669 322 Damasceui
686 283 985 321 demonllmtiones
1005 284 1046 321 de
1064 300 1130 322 vno
1149 287 1214 324 deo
1232 298 1263 324 et
1284 290 1374 325 verbi
1393 289 1577 326 diuinitate.
1609 311 1655 317 —
1682 295 1724 328 ib.
1744 308 1777 342 p.
1797 307 1849 338 24.

90 353 141 375 nr.
165 351 213 384 19.
237 339 397 376 homiliae
414 336 556 374 sedecim
576 350 654 373 cuin
670 335 803 373 scholiis
825 340 968 387 margin.
996 357 1046 364 —
1081 352 1155 388 pag.
1180 345 1229 379 28.
1254 355 1303 376 nr.
1328 352 1378 384 27,
1402 340 1509 377 sermo
1532 346 1566 378 in
1591 342 1698 380 sancia
1719 346 1850 382 lumina

89 392 372 441 Epiplmniorum.
397 410 450 419 —-
475 403 552 440 pag.
571 402 622 436 39.
643 403 695 428 nr.
715 400 759 435 53.
786 387 981 439 fragmenta.
1009 409 1058 417 —
1084 404 1160 441 pag.
1178 404 1208 436 7.
1230 404 1276 436 40
1299 404 1329 428 et
1345 403 1392 436 41'-
1413 396 1570 443 Gregorii
1587 398 1667 432 Νη,
1690 407 1720 433 02
1739 397 1848 435 Bafiffl

88 445 140 480 M.
170 443 336 494 dialogus

257 533 295 567 In
319 529 396 565 bibl.
419 526 593 580 quondam
614 527 801 575 lffnbach.
829 539 926 566 oratt.
952 539 985 565 et
1009 543 1084 581 epp.
1111 529 1293 581 quaedam,
1323 535 1358 568 in
1380 532 1456 570 cod.
1478 534 1519 570 V.
1543 533 1726 572 secundum
1752 536 1844 575 catal.

88 582 166 620 bibl.
184 581 318 619 Vffenb.
337 583 434 618 MSS.
452 596 469 616 a
485 583 579 618 Maio
597 579 794 617 confestum
810 595 886 632 pag.
903 593 965 626 423
983 581 1053 633 sqq.

254 670 476 707 Vrae'vtislauiae
502 671 535 703 in
552 666 630 703 bibl.
645 666 853 720 Rehdinger.
878 682 949 706 non
972 681 1077 720 pauca
1096 667 1171 706 sunt
1189 671 1347 720 Gregorii
1361 673 1446 708 Naz.
1469 672 1547 709 tesse
1564 675 1694 711 Kranz.
1715 677 1749 712 in
1768 676 1842 712 Me-

79 735 166 760 mor.
188 722 276 760 illius
301 722 379 758 bibl.
401 734 477 771 pag·
501 725 551 763 83-

247 809 415 845 Leidaein
437 811 532 844 variis
550 805 649 844 codd.
675 807 754 844 bibl.
778 808 869 857 publ.
892 807 1000 845 modo
1021 809 1136 859 plura.
1165 808 1272 846 modo
1288 815 1457 860 pauciora.
1478 825 1508 848 v.
1532 814 1625 850 catal.
1646 813 1736 850 illius
1755 814 1834 852 bibl.

80 874 196 913 P’333'
224 872 276 905 27,
301 881 351 888 -.
378 874 413 910 P,
431 861 505 903 336,
533 870 592 904 47.
617 878 666 886 —
693 872 727 908 p,
749 862 826 904 396,
856 872 901 903 13.
933 880 982 888 --
1008 863 1174 904 homilia,
1202 863 1340 903 arabice,
1368 877 1445 914 pag.
1462 876 1546 910 409.
1565 880 1614 902 nr.
1637 878 1679 901 11.

250 948 390 983 Tam-ini
403 947 436 981 in
452 945 530 981 bibl.
546 947 635 994 regia
651 943 724 982 sunt
738 946 842 982 multa
856 949 1013 997 Gregorii
1031 945 1142 997 opust.
1159 960 1215 984 aut
1229 949 1302 991 alia,
1327 947 1369 986 ad
1387 963 1464 986 eum
1482 955 1694 1001 pertinentia,
1715 956 1748 988 in
1765 953 1839 1001 plu-

75 1002 164 1038 ribus
185 997 286 1036 codd.
312 1012 360 1034 nr.
384 999 478 1033 VIII.
509 1017 558 1023 —
582 1000 677 1033 XVI.
702 1019 746 1025 -—
768 1000 854 1033 XXI.
877 1017 921 1025 —
943 1002 1071 1035 LXXX.
1088 1020 1139 1027 —
1156 1004 1278 1037 CXVI.
1302 1021 1341 1028 —-
1364 1005 1499 1038 CXXV.
1526 1023 1574 1030 —
1600 1007 1765 1041 CXXXV.
1785 1026 1837 1033 -

3 1064 11 1068 ”
73 1055 239 1091 CXLVII.
259 1071 299 1077 —
323 1051 519 1086 CCCXXX.
533 1068 582 1075 —
597 1051 765 1085 CCXVII.
785 1070 836 1077 —
853 1052 1049 1086 CCXLVII·
1067 1071 1111 1077 —-
1132 1055 1346 1089 CCCXXVI.
1372 1063 1404 1088 et
1428 1065 1510 1105 trag.
1533 1055 1684 1092 Christus
1706 1060 1833 1107 patiens

72 1108 108 1144 in
125 1103 203 1144 cod.
217 1103 462 1140 CCCXLVIII.
480 1099 521 1136 de
535 1101 654 1150 quibus
669 1099 714 1136 sat
730 1101 865 1151 copiose
886 1106 995 1150 agitur
1010 1105 1044 1138 in
1064 1113 1123 1140 cat.
1142 1102 1241 1139 codd.
1261 1118 1312 1154 gr.
1330 1106 1475 1143 Taurin.

237 1189 424 1225 Florentiae
446 1190 480 1222 in
501 1186 578 1221 bibl.
597 1188 751 1222 Laui-ent.
777 1186 850 1224 sunt
868 1187 965 1224 inulti
988 1188 1088 1225 codd.
1112 1193 1145 1226 in
1168 1191 1288 1240 quibus
1312 1200 1407 1227 oratt.
1432 1191 1540 1228 modo
1564 1191 1691 1235 nudae,
1721 1193 1832 1232 modo

67 1241 202 1281 scholiis
220 1250 251 1276 et
275 1248 457 1275 comment.
484 1238 636 1286 stipatae,
664 1248 721 1273 aut
742 1236 928 1289 fragmenta
951 1250 1008 1275 aut
1029 1241 1189 1289 epistolae
1213 1246 1445 1290 reperiuntur:
1473 1243 1515 1279 de
1537 1245 1656 1293 quibus
1679 1245 1831 1283 consulas

67 1295 215 1333 Bandini
230 1301 290 1328 cat.
308 1289 408 1329 codd.
425 1303 474 1339 gr.
492 1291 588 1325 Laur.
606 1292 640 1324 in
659 1300 756 1325 tomo
770 1292 794 1326 1.
812 1304 888 1341 pag,
904 1302 942 1335 4¹
959 1289 1028 1342 sqq.
1044 1306 1078 1342 p.
1096 1295 1150 1328 62.
1167 1308 1216 1329 nr.
1238 1305 1283 1337 ¹4·
1304 1307 1336 1342 p.
1354 1305 1426 1330 120.
1441 1309 1491 1332 nr.
1510 1307 1558 1341 19.
1576 1307 1607 1332 et
1616 1307 1692 1340 402,
1711 1313 1761 1335 m.-
1777 1310 1828 1344 54·

66 1359 141 1396 pag.
162 1357 235 1389 140.
251 1357 301 1379 nr.
318 1354 347 1386 7.
364 1356 396 1391 p.
412 1353 477 1378 202
494 1339 537 1391 sq.
554 1354 585 1390 p.
602 1353 675 1386 205.
691 1355 792 1391 vsque
808 1342 849 1378 ad
865 1355 940 1393 pag.
960 1347 1029 1378 216.
1050 1344 1091 1379 de
1107 1346 1259 1394 pluribus
1275 1344 1377 1381 codd.
1392 1359 1470 1397 pag.
1490 1359 1560 1391 2¹4·
1579 1347 1649 1398 sqq.
1666 1349 1830 1400 excetpsit

63 1397 202 1437 Bandin.
229 1393 338 1431 versus
363 1397 443 1429 varii
466 1396 615 1442 generis,
644 1397 729 1429 vitae
747 1396 904 1443 Gregorii
930 1394 1126 1443 praemissos
1147 1407 1178 1432 et
1198 1410 1230 1446 p.
1250 1409 1314 1443 215.
1334 1397 1502 1447 specimen
1525 1398 1746 1438 scholiorum.
1775 1422 1828 1430 —

65 1465 140 1502 pag,
160 1461 237 1493 240.
257 1466 306 1474 —
322 1460 357 1496 p.
376 1457 434 1488 241
454 1444 523 1494 sqq.
541 1445 594 1480 vbi
610 1445 725 1488 iambi,
746 1447 954 1502 orationibus
967 1448 1118 1496 praefixi,
1138 1448 1282 1486 eduntur
1299 1463 1330 1499 p.
1344 1461 1416 1494 275.
1432 1450 1478 1501 sq.
1508 1471 1557 1479 —
1585 1465 1617 1500 p.
1634 1464 1707 1497 277.
1723 1453 1770 1504 sq.
1786 1474 1826 1484 .-

63 1517 97 1554 p.
114 1508 189 1543 288.
207 1499 277 1551 sqq.
305 1518 355 1525 -—
380 1511 456 1548 pag.
476 1507 547 1541 293.
568 1497 626 1532 bis.
655 1516 704 1523 —
730 1510 763 1546 p.
781 1509 851 1543 295.
870 1502 937 1549 sqq.
968 1519 1017 1525 -—
1045 1512 1078 1548 p.
1099 1503 1169 1544 361.
1185 1516 1234 1537 nr.
1251 1512 1298 1547 25.
1327 1521 1379 1528 -—-
1405 1515 1438 1550 p.
1458 1505 1526 1546 363.
1546 1518 1595 1540 nr.
1613 1505 1645 1540 6.
1673 1525 1716 1531 —
1744 1520 1822 1557 pag.

62 1568 125 1602 51¹·
144 1569 194 1591 ns,
213 1558 259 1592 18,
289 1570 338 1577 —-
363 1551 504 1599 Qoties
523 1551 557 1584 in
579 1548 652 1584 aliis
671 1548 772 1585 codd.
791 1552 944 1586 Laurent.
966 1564 1051 1600 quae
1074 1563 1206 1601 patrum
1230 1557 1265 1589 in
1288 1563 1398 1590 vtrum
1425 1568 1466 1589 ue
1483 1555 1715 1592 testamentum
1737 1568 1822 1594 cate-

61 1621 118 1645 nas
136 1616 191 1642 aut
206 1605 284 1641 alias
302 1602 520 1639 collectiones
536 1603 728 1652 continent,
757 1599 942 1652 fragmenta
959 1605 1114 1652 Gregorii
1135 1616 1334 1647 occurrant,
1363 1567 1463 1642 iniiex
1488 1607 1529 1642 ad
1547 1616 1608 1642 cat.
1630 1608 1727 1644 illum
1743 1616 1821 1647 voc.

61 1661 202 1708 Gregor.
221 1658 310 1692 Naz.
335 1667 455 1691 eorum
476 1651 695 1703 suppeditabit
717 1657 883 1690 notitiam.
937 1656 991 1691 De
1008 1657 1211 1693 carminibus
1234 1667 1267 1693 et
1283 1671 1358 1708 epp.
1379 1660 1414 1694 in
1430 1656 1532 1695 codd.
1551 1659 1705 1697 Lam-em.
1729 1659 1817 1699 iufra

59 1712 154 1750 locus
180 1712 242 1746 erit
264 1705 407 1744 dicendi.

227 1795 270 1833 V
263 1796 374 1832 metiis
387 1796 424 1829 in
441 1793 520 1830 bibl.
537 1795 679 1830 Nanian.
697 1796 733 1830 in
749 1791 850 1830 codd.
870 1795 1018 1832 XXXIX.
1043 1815 1095 1823 —
1122 1797 1192 1833 LV.
1220 1815 1269 1825 -
1296 1797 1418 1834 LVIII.
1433 1809 1511 1834 cum
1529 1808 1694 1848 perpetuo
1712 1800 1812 1836 Nice-

57 1863 106 1886 tae
123 1849 370 1885 commentario
388 1865 439 1872 —
455 1847 575 1882 LXIII.
594 1860 644 1882 nr.
663 1850 714 1883 26.
735 1846 788 1881 vbi
807 1849 950 1896 Gregor.
970 1859 1109 1884 vocatur
1122 1849 1332 1899 οἰρχιεπισκ.
1351 1847 1529 1898 ναζιανζέ.
1560 1871 1610 1877 -—
1638 1854 1737 1888 CXL.
1760 1867 1809 1888 nr.

56 1914 104 1947 42,
122 1913 160 1944 43
185 1911 238 1944 44.
266 1919 316 1926 —
344 1899 460 1935 CLIV.
477 1912 526 1934 nr.
544 1900 577 1934 6.
605 1918 654 1925 —
681 1900 799 1934 CLIV.
822 1913 874 1935 nr.
896 1911 943 1943 17.
961 1913 1012 1937 or.
1028 1913 1106 1937 cum
1130 1905 1388 1938 commentario.
1412 1915 1442 1938 v.
1459 1912 1517 1939 cat.
1537 1901 1638 1939 codd.
1654 1917 1706 1954 gr,
1721 1905 1808 1942 Nan.

55 1968 87 2005 p.
103 1960 158 1997 48.
174 1955 224 1988 62.
241 1954 297 1996 64.
313 1962 386 1994 ¹04-
402 1962 473 1994 327.
491 1952 566 1994 346.
584 1959 616 1987 et
633 1956 706 1994 348.

224 2042 267 2080 V
259 2043 368 2078 meliis
386 2042 421 2076 in
438 2040 516 2076 bibl.
533 2042 642 2080 Marc.
660 2043 773 2091 Opera
796 2043 830 2078 in
856 2039 931 2078 cod.
947 2043 1044 2080 Lxx.
1069 2045 1140 2087 (cui
1167 2042 1348 2081 adhaerent
1367 2046 1432 2080 vita
1448 2045 1548 2095 Greg.
1566 2045 1648 2082 Naz.
1666 2047 1804 2083 auctore

51 2095 232 2143 Gregorio,
251 2093 466 2141 presbyter03
493 2091 682 2142 expositio,
707 2106 792 2142 quae
807 2096 842 2129 in
860 2105 942 2130 orat.
964 2093 1095 2131 funebri
1114 2100 1149 2132 in
1161 2095 1258 2133 Bafit.
1275 2099 1326 2132 M.
1343 2107 1535 2140 occurrunt,
1566 2096 1701 2133 eaedem
1718 2097 1801 2141 fere,

50 2161 89 2185 ac
108 2161 193 2197 quae
214 2147 316 2183 latine
339 2158 380 2180 ex
397 2143 518 2179 Niceta
538 2157 557 2179 a
571 2144 673 2180 Billio
696 2143 903 2182 adfemntur.
958 2147 1131 2184 Postremo
1154 2150 1293 2187 habetur
1309 2148 1468 2184 collecIio
1489 2159 1521 2183 et
1540 2148 1725 2198 expositio,
1750 2151 1801 2193 (in

49 2197 142 2235 editis
159 2201 287 2235 Nonno
303 2195 485 2245 inscripta.)
512 2194 736 2239 historiarum,
753 2211 896 2248 quarum
910 2203 1063 2235 meminit
1078 2203 1236 2237 Nazianz.
1255 2204 1288 2236 in
1304 2204 1411 2248 prima
1426 2210 1459 2234 et
1475 2201 1612 2236 lecunda
1631 2203 1798 2238 inued'tiua

47 2261 162 2289 contra
178 2252 373 2294 Iulianum.)
403 2266 450 2274 -—
477 2245 554 2283 cod.
566 2250 683 2286 LXXI.
711 2259 742 2284 et
766 2251 900 2299 reliquis
920 2265 1020 2302 vsque
1041 2251 1081 2287 ad
1101 2253 1176 2291 cod.
1194 2254 1359 2288 LXXVII.
1388 2272 1439 2279 -—-
1468 2255 1503 2287 in
1519 2251 1594 2287 cod.
1612 2254 1795 2290 LXXVIII.

45 2303 121 2341 sunt
135 2301 360 2352 expositiones
376 2305 410 2336 in
427 2310 522 2335 oratt.
538 2299 697 2349 quasdam
712 2303 811 2351 Greg.
827 2304 897 2338 Naz
929 2303 996 2339 sine
1012 2307 1150 2341 nomine
1164 2306 1319 2340 auctoris.
1339 2324 1378 2330 —
1404 2305 1437 2339 in
1455 2302 1530 2339 cod.
1547 2306 1794 2342 CCCCXCIV.

45 2375 96 2385 -
110 2355 296 2394 DLxxm.
313 2355 461 2404 quinque
476 2362 573 2390 oratt.
599 2372 649 2382 -
676 2355 894 2392 DLXXXIII.
908 2354 993 2393 duae
1010 2367 1108 2393 oratt.
1160 2360 1254 2407 Qae
1274 2360 1390 2395 omnia
1408 2356 1536 2393 vberius
1552 2355 1741 2394 indicantur
1757 2360 1792 2394 in

1015 2411 1070 2448 Cc
1082 2423 1100 2446 c
1126 2420 1144 2453 3
1730 2418 1791 2446 cat.
