<?xml version="1.0" encoding="UTF-8"?>
<!DOCTYPE html PUBLIC "-//W3C//DTD XHTML 1.0 Transitional//EN"
    "http://www.w3.org/TR/xhtml1/DTD/xhtml1-transitional.dtd">
<html xmlns="http://www.w3.org/1999/xhtml" xml:lang="en" lang="en">
 <head>
  <title>
</title>
<meta http-equiv="Content-Type" content="text/html;charset=utf-8" />
  <meta name='ocr-system' content='tesseract 3.04.00' />
  <meta name='ocr-capabilities' content='ocr_page ocr_carea ocr_par ocr_line ocrx_word'/>
</head>
<body>
  <div class='ocr_page' id='page_1' title='image "./bibliothecagraec07fabruoft_0137.png"; bbox 0 0 2184 2761; ppageno 0'>
   <div class='ocr_carea' id='block_1_1' title="bbox 74 117 1830 178">
    <p class='ocr_par' dir='ltr' id='par_1_1' title="bbox 74 117 1830 178">
     <span class='ocr_line' id='line_1_1' title="bbox 74 117 1830 178; baseline 0.009 -24"><span class='ocrx_word' id='word_1_1' title='bbox 74 123 138 154; x_wconf 71' lang='lat' dir='ltr'>vot.</span> <span class='ocrx_word' id='word_1_2' title='bbox 153 122 188 152; x_wconf 78' lang='lat' dir='ltr'>v.</span> <span class='ocrx_word' id='word_1_3' title='bbox 211 130 237 159; x_wconf 73' lang='lat' dir='ltr'>p.</span> <span class='ocrx_word' id='word_1_4' title='bbox 252 125 286 157; x_wconf 68' lang='lat' dir='ltr'>es</span> <span class='ocrx_word' id='word_1_5' title='bbox 764 118 895 160; x_wconf 69' lang='lat' dir='ltr'>VARI!</span> <span class='ocrx_word' id='word_1_6' title='bbox 918 117 1189 162; x_wconf 63' lang='lat' dir='ltr'>’rimorum</span> <span class='ocrx_word' id='word_1_7' title='bbox 1480 127 1552 166; x_wconf 73' lang='lat' dir='ltr'>Lib.</span> <span class='ocrx_word' id='word_1_8' title='bbox 1567 127 1614 168; x_wconf 80' lang='lat' dir='ltr'>V.</span> <span class='ocrx_word' id='word_1_9' title='bbox 1641 143 1665 169; x_wconf 84' lang='lat' dir='ltr'>e.</span> <span class='ocrx_word' id='word_1_10' title='bbox 1680 131 1706 168; x_wconf 75' lang='lat' dir='ltr'>t.</span> <span class='ocrx_word' id='word_1_11' title='bbox 1765 141 1830 178; x_wconf 78' lang='lat'>¹07</span> 
     </span>
    </p>
   </div>
   <div class='ocr_carea' id='block_1_2' title="bbox 75 161 284 176">
    <p class='ocr_par' dir='ltr' id='par_1_2' title="bbox 75 161 284 176">
     <span class='ocr_line' id='line_1_2' title="bbox 75 161 284 176; baseline 0 2585"><span class='ocrx_word' id='word_1_12' title='bbox 75 161 284 176; x_wconf 95' lang='lat' dir='ltr'> </span> 
     </span>
    </p>
   </div>
   <div class='ocr_carea' id='block_1_3' title="bbox 175 215 1835 1068">
    <p class='ocr_par' dir='ltr' id='par_1_3' title="bbox 175 215 1835 1068">
     <span class='ocr_line' id='line_1_3' title="bbox 186 215 1828 273; baseline 0.005 -17"><span class='ocrx_word' id='word_1_13' title='bbox 186 219 302 256; x_wconf 74' lang='lat' dir='ltr'>Tacito</span> <span class='ocrx_word' id='word_1_14' title='bbox 323 216 444 255; x_wconf 80' lang='lat' dir='ltr'>Annal.</span> <span class='ocrx_word' id='word_1_15' title='bbox 464 217 504 254; x_wconf 83' lang='grc' dir='ltr'>Π.</span> <span class='ocrx_word' id='word_1_16' title='bbox 521 228 548 263; x_wconf 82' lang='grc' dir='ltr'>ς,</span> <span class='ocrx_word' id='word_1_17' title='bbox 567 215 596 255; x_wconf 73' lang='lat'>3.</span> <span class='ocrx_word' id='word_1_18' title='bbox 622 229 870 255; x_wconf 79' lang='lat' dir='ltr'>memoratum:</span> <span class='ocrx_word' id='word_1_19' title='bbox 896 221 1120 256; x_wconf 70' lang='lat' dir='ltr'>narrationem</span> <span class='ocrx_word' id='word_1_20' title='bbox 1135 232 1215 257; x_wconf 83' lang='lat' dir='ltr'>vero</span> <span class='ocrx_word' id='word_1_21' title='bbox 1236 230 1268 256; x_wconf 83' lang='lat' dir='ltr'>et</span> <span class='ocrx_word' id='word_1_22' title='bbox 1281 218 1512 273; x_wconf 73' lang='lat' dir='ltr'>lexicographi</span> <span class='ocrx_word' id='word_1_23' title='bbox 1528 226 1604 270; x_wconf 84' lang='lat' dir='ltr'>Syri</span> <span class='ocrx_word' id='word_1_24' title='bbox 1623 236 1653 262; x_wconf 88' lang='lat' dir='ltr'>et</span> <span class='ocrx_word' id='word_1_25' title='bbox 1670 227 1828 265; x_wconf 84' lang='lat' dir='ltr'>Clemen-</span> 
     </span>
     <span class='ocr_line' id='line_1_4' title="bbox 175 269 1828 330; baseline 0.006 -21"><span class='ocrx_word' id='word_1_26' title='bbox 175 275 240 315; x_wconf 69' lang='lat'>6⁸,</span> <span class='ocrx_word' id='word_1_27' title='bbox 265 273 342 309; x_wconf 89' lang='lat' dir='ltr'>licet</span> <span class='ocrx_word' id='word_1_28' title='bbox 366 271 534 308; x_wconf 73' lang='lat' dir='ltr'>nonnullis</span> <span class='ocrx_word' id='word_1_29' title='bbox 557 273 632 307; x_wconf 72' lang='lat' dir='ltr'>viria</span> <span class='ocrx_word' id='word_1_30' title='bbox 655 269 762 308; x_wconf 63' lang='lat' dir='ltr'>doctis</span> <span class='ocrx_word' id='word_1_31' title='bbox 785 273 980 322; x_wconf 85' lang='lat' dir='ltr'>probatam,</span> <span class='ocrx_word' id='word_1_32' title='bbox 1008 270 1071 308; x_wconf 66' lang='lat' dir='ltr'>ess&#39;e</span> <span class='ocrx_word' id='word_1_33' title='bbox 1087 271 1203 309; x_wconf 83' lang='lat' dir='ltr'>sabulis</span> <span class='ocrx_word' id='word_1_34' title='bbox 1221 272 1261 310; x_wconf 86' lang='lat' dir='ltr'>ad</span> <span class='ocrx_word' id='word_1_35' title='bbox 1290 287 1325 309; x_wconf 85' lang='lat' dir='ltr'>re</span> <span class='ocrx_word' id='word_1_36' title='bbox 1349 275 1480 316; x_wconf 82' lang='lat' dir='ltr'>andam,</span> <span class='ocrx_word' id='word_1_37' title='bbox 1535 280 1664 315; x_wconf 88' lang='lat' dir='ltr'>Contra</span> <span class='ocrx_word' id='word_1_38' title='bbox 1683 280 1828 330; x_wconf 76' lang='lat' dir='ltr'>pluribus</span> 
     </span>
     <span class='ocr_line' id='line_1_5' title="bbox 176 287 1830 378; baseline 0.007 -16"><span class='ocrx_word' id='word_1_39' title='bbox 176 337 218 362; x_wconf 77' lang='lat' dir='ltr'>ex</span> <span class='ocrx_word' id='word_1_40' title='bbox 238 326 271 359; x_wconf 78' lang='lat' dir='ltr'>vi</span> <span class='ocrx_word' id='word_1_41' title='bbox 293 334 326 361; x_wconf 86' lang='lat' dir='ltr'>et</span> <span class='ocrx_word' id='word_1_42' title='bbox 348 321 405 362; x_wconf 77' lang='lat' dir='ltr'>vsu</span> <span class='ocrx_word' id='word_1_43' title='bbox 428 335 502 363; x_wconf 84' lang='lat' dir='ltr'>voc.</span> <span class='ocrx_word' id='word_1_44' title='bbox 526 329 551 362; x_wconf 84' lang='grc' dir='ltr'>Κ</span> <span class='ocrx_word' id='word_1_45' title='bbox 596 320 718 366; x_wconf 58' lang='lat' dir='ltr'>&#39;meon</span> <span class='ocrx_word' id='word_1_46' title='bbox 746 322 838 374; x_wconf 86' lang='lat' dir='ltr'>quod</span> <span class='ocrx_word' id='word_1_47' title='bbox 862 323 921 360; x_wconf 91' lang='lat' dir='ltr'>illo</span> <span class='ocrx_word' id='word_1_48' title='bbox 948 337 1031 362; x_wconf 79' lang='lat' dir='ltr'>aeuo</span> <span class='ocrx_word' id='word_1_49' title='bbox 1057 328 1232 375; x_wconf 86' lang='lat' dir='ltr'>proprium</span> <span class='ocrx_word' id='word_1_50' title='bbox 1257 287 1306 362; x_wconf 60' lang='lat' dir='ltr'>lgui</span> <span class='ocrx_word' id='word_1_51' title='bbox 1335 337 1366 364; x_wconf 78' lang='lat' dir='ltr'>et</span> <span class='ocrx_word' id='word_1_52' title='bbox 1396 327 1651 378; x_wconf 78' lang='lat' dir='ltr'>magistratuum</span> <span class='ocrx_word' id='word_1_53' title='bbox 1681 337 1830 372; x_wconf 84' lang='lat' dir='ltr'>eminen-</span> 
     </span>
     <span class='ocr_line' id='line_1_6' title="bbox 178 339 1830 436; baseline 0.006 -22"><span class='ocrx_word' id='word_1_54' title='bbox 178 379 324 418; x_wconf 85' lang='lat' dir='ltr'>tiorum,</span> <span class='ocrx_word' id='word_1_55' title='bbox 346 375 518 413; x_wconf 83' lang='lat' dir='ltr'>ostendere</span> <span class='ocrx_word' id='word_1_56' title='bbox 548 339 672 418; x_wconf 48' lang='lat' dir='ltr'>hilder,</span> <span class='ocrx_word' id='word_1_57' title='bbox 706 375 944 426; x_wconf 83' lang='lat' dir='ltr'>Theophilum</span> <span class='ocrx_word' id='word_1_58' title='bbox 967 378 1074 413; x_wconf 84' lang='lat' dir='ltr'>Lucae</span> <span class='ocrx_word' id='word_1_59' title='bbox 1094 378 1323 427; x_wconf 78' lang='lat' dir='ltr'>magistratum</span> <span class='ocrx_word' id='word_1_60' title='bbox 1349 379 1474 427; x_wconf 80' lang='lat' dir='ltr'>geffisse</span> <span class='ocrx_word' id='word_1_61' title='bbox 1502 379 1653 421; x_wconf 84' lang='lat' dir='ltr'>summac</span> <span class='ocrx_word' id='word_1_62' title='bbox 1679 387 1830 436; x_wconf 83' lang='lat' dir='ltr'>potestati</span> 
     </span>
     <span class='ocr_line' id='line_1_7' title="bbox 181 425 1829 480; baseline 0.007 -14"><span class='ocrx_word' id='word_1_63' title='bbox 181 431 379 480; x_wconf 82' lang='lat' dir='ltr'>proximum</span> <span class='ocrx_word' id='word_1_64' title='bbox 404 437 435 464; x_wconf 89' lang='lat' dir='ltr'>et</span> <span class='ocrx_word' id='word_1_65' title='bbox 450 425 547 465; x_wconf 69' lang='lat' dir='ltr'>fuisse</span> <span class='ocrx_word' id='word_1_66' title='bbox 569 428 743 466; x_wconf 90' lang='lat' dir='ltr'>idolorum</span> <span class='ocrx_word' id='word_1_67' title='bbox 759 429 936 468; x_wconf 69' lang='lat' dir='ltr'>cultorem.</span> <span class='ocrx_word' id='word_1_68' title='bbox 992 431 1095 465; x_wconf 80' lang='lat' dir='ltr'><em>Iacob.</em></span> <span class='ocrx_word' id='word_1_69' title='bbox 1114 431 1279 477; x_wconf 75' lang='lat' dir='ltr'>HaJaem,</span> <span class='ocrx_word' id='word_1_70' title='bbox 1301 435 1393 468; x_wconf 77' lang='lat' dir='ltr'>cuius</span> <span class='ocrx_word' id='word_1_71' title='bbox 1415 430 1610 474; x_wconf 62' lang='lat' dir='ltr'>sententiam</span> <span class='ocrx_word' id='word_1_72' title='bbox 1630 437 1737 476; x_wconf 86' lang='lat' dir='ltr'>modo</span> <span class='ocrx_word' id='word_1_73' title='bbox 1761 453 1829 477; x_wconf 87' lang='lat' dir='ltr'>me-</span> 
     </span>
     <span class='ocr_line' id='line_1_8' title="bbox 180 481 1829 539; baseline 0.007 -23"><span class='ocrx_word' id='word_1_74' title='bbox 180 484 334 525; x_wconf 86' lang='lat' dir='ltr'>moraui,</span> <span class='ocrx_word' id='word_1_75' title='bbox 361 483 512 531; x_wconf 87' lang='lat' dir='ltr'>primum</span> <span class='ocrx_word' id='word_1_76' title='bbox 529 483 563 517; x_wconf 88' lang='lat' dir='ltr'>in</span> <span class='ocrx_word' id='word_1_77' title='bbox 587 482 618 518; x_wconf 88' lang='lat' dir='ltr'>hi</span> <span class='ocrx_word' id='word_1_78' title='bbox 670 483 818 531; x_wconf 62' lang='lat' dir='ltr'>,critique</span> <span class='ocrx_word' id='word_1_79' title='bbox 838 481 924 518; x_wconf 74' lang='lat' dir='ltr'>dela</span> <span class='ocrx_word' id='word_1_80' title='bbox 938 482 1024 532; x_wconf 79' lang='lat' dir='ltr'>Rep.</span> <span class='ocrx_word' id='word_1_81' title='bbox 1041 481 1097 517; x_wconf 87' lang='lat' dir='ltr'>des</span> <span class='ocrx_word' id='word_1_82' title='bbox 1119 482 1229 520; x_wconf 79' lang='lat' dir='ltr'>lettres</span> <span class='ocrx_word' id='word_1_83' title='bbox 1252 486 1416 521; x_wconf 86' lang='lat' dir='ltr'>tom.Xll.</span> <span class='ocrx_word' id='word_1_84' title='bbox 1439 499 1472 536; x_wconf 88' lang='lat' dir='ltr'>p.</span> <span class='ocrx_word' id='word_1_85' title='bbox 1489 499 1534 530; x_wconf 83' lang='lat'>52.</span> <span class='ocrx_word' id='word_1_86' title='bbox 1544 485 1607 539; x_wconf 83' lang='lat' dir='ltr'>seq.</span> <span class='ocrx_word' id='word_1_87' title='bbox 1629 489 1772 535; x_wconf 85' lang='lat' dir='ltr'>censuit,</span> <span class='ocrx_word' id='word_1_88' title='bbox 1797 503 1829 529; x_wconf 86' lang='lat' dir='ltr'>et</span> 
     </span>
     <span class='ocr_line' id='line_1_9' title="bbox 178 531 1831 585; baseline 0.008 -17"><span class='ocrx_word' id='word_1_89' title='bbox 178 532 291 585; x_wconf 76' lang='lat' dir='ltr'>postea</span> <span class='ocrx_word' id='word_1_90' title='bbox 308 534 436 570; x_wconf 87' lang='lat' dir='ltr'>vberius</span> <span class='ocrx_word' id='word_1_91' title='bbox 455 532 488 569; x_wconf 92' lang='lat' dir='ltr'>id</span> <span class='ocrx_word' id='word_1_92' title='bbox 506 531 621 571; x_wconf 82' lang='lat' dir='ltr'>sumfit</span> <span class='ocrx_word' id='word_1_93' title='bbox 654 533 698 570; x_wconf 82' lang='lat' dir='ltr'>tbi</span> <span class='ocrx_word' id='word_1_94' title='bbox 722 532 1019 571; x_wconf 82' lang='lat' dir='ltr'>demonstrandum</span> <span class='ocrx_word' id='word_1_95' title='bbox 1042 536 1074 570; x_wconf 89' lang='lat' dir='ltr'>in</span> <span class='ocrx_word' id='word_1_96' title='bbox 1101 535 1175 571; x_wconf 86' lang='lat' dir='ltr'>bibl.</span> <span class='ocrx_word' id='word_1_97' title='bbox 1195 535 1321 572; x_wconf 75' lang='lat' dir='ltr'>laudata</span> <span class='ocrx_word' id='word_1_98' title='bbox 1340 538 1528 583; x_wconf 70' lang='lat' dir='ltr'>Bremmfi,</span> <span class='ocrx_word' id='word_1_99' title='bbox 1553 540 1577 577; x_wconf 91' lang='lat' dir='ltr'>l.</span> <span class='ocrx_word' id='word_1_100' title='bbox 1592 544 1643 578; x_wconf 87' lang='lat' dir='ltr'>cit.</span> <span class='ocrx_word' id='word_1_101' title='bbox 1664 556 1725 580; x_wconf 84' lang='lat' dir='ltr'>nos</span> <span class='ocrx_word' id='word_1_102' title='bbox 1747 544 1831 581; x_wconf 86' lang='lat' dir='ltr'>stare</span> 
     </span>
     <span class='ocr_line' id='line_1_10' title="bbox 179 583 1830 639; baseline 0.005 -17"><span class='ocrx_word' id='word_1_103' title='bbox 179 583 277 637; x_wconf 81' lang='lat' dir='ltr'>poffe</span> <span class='ocrx_word' id='word_1_104' title='bbox 306 587 547 637; x_wconf 84' lang='lat' dir='ltr'>Lexicographi</span> <span class='ocrx_word' id='word_1_105' title='bbox 573 587 651 632; x_wconf 87' lang='lat' dir='ltr'>Syri</span> <span class='ocrx_word' id='word_1_106' title='bbox 674 587 889 630; x_wconf 62' lang='lat' dir='ltr'>auiloritate,</span> <span class='ocrx_word' id='word_1_107' title='bbox 931 596 1030 635; x_wconf 81' lang='lat' dir='ltr'>atque</span> <span class='ocrx_word' id='word_1_108' title='bbox 1065 587 1224 624; x_wconf 73' lang='lat' dir='ltr'>Theodor.</span> <span class='ocrx_word' id='word_1_109' title='bbox 1251 589 1417 639; x_wconf 73' lang='lat' dir='ltr'>Htfizcus,</span> <span class='ocrx_word' id='word_1_110' title='bbox 1457 588 1558 628; x_wconf 77' lang='lat' dir='ltr'>frater</span> <span class='ocrx_word' id='word_1_111' title='bbox 1587 594 1692 637; x_wconf 77' lang='lat' dir='ltr'>illius,</span> <span class='ocrx_word' id='word_1_112' title='bbox 1734 606 1830 634; x_wconf 72' lang='lat' dir='ltr'>antea</span> 
     </span>
     <span class='ocr_line' id='line_1_11' title="bbox 181 636 1830 699; baseline 0.004 -23"><span class='ocrx_word' id='word_1_113' title='bbox 181 641 220 676; x_wconf 81' lang='lat' dir='ltr'>in</span> <span class='ocrx_word' id='word_1_114' title='bbox 240 636 438 676; x_wconf 79' lang='lat' dir='ltr'>sicilimento</span> <span class='ocrx_word' id='word_1_115' title='bbox 460 651 563 677; x_wconf 85' lang='lat' dir='ltr'>mern.</span> <span class='ocrx_word' id='word_1_116' title='bbox 584 651 660 689; x_wconf 77' lang='lat' dir='ltr'>pag.</span> <span class='ocrx_word' id='word_1_117' title='bbox 670 649 733 686; x_wconf 78' lang='lat'>514.</span> <span class='ocrx_word' id='word_1_118' title='bbox 744 636 812 690; x_wconf 89' lang='lat' dir='ltr'>sqq.</span> <span class='ocrx_word' id='word_1_119' title='bbox 865 638 1126 689; x_wconf 80' lang='lat' dir='ltr'>Theophilum,</span> <span class='ocrx_word' id='word_1_120' title='bbox 1152 641 1315 678; x_wconf 73' lang='lat' dir='ltr'>Matthiae</span> <span class='ocrx_word' id='word_1_121' title='bbox 1336 652 1481 691; x_wconf 87' lang='lat' dir='ltr'>patrem,</span> <span class='ocrx_word' id='word_1_122' title='bbox 1504 657 1547 680; x_wconf 84' lang='lat' dir='ltr'>ex</span> <span class='ocrx_word' id='word_1_123' title='bbox 1566 642 1756 685; x_wconf 86' lang='lat' dir='ltr'>sacerdotali</span> <span class='ocrx_word' id='word_1_124' title='bbox 1775 663 1830 699; x_wconf 87' lang='lat' dir='ltr'>ge.</span> 
     </span>
     <span class='ocr_line' id='line_1_12' title="bbox 175 688 1832 750; baseline 0.002 -21"><span class='ocrx_word' id='word_1_125' title='bbox 175 704 259 729; x_wconf 80' lang='lat' dir='ltr'>uere</span> <span class='ocrx_word' id='word_1_126' title='bbox 285 703 399 729; x_wconf 88' lang='lat' dir='ltr'>ortum</span> <span class='ocrx_word' id='word_1_127' title='bbox 422 700 453 727; x_wconf 86' lang='lat' dir='ltr'>et</span> <span class='ocrx_word' id='word_1_128' title='bbox 476 688 649 729; x_wconf 85' lang='lat' dir='ltr'>summum</span> <span class='ocrx_word' id='word_1_129' title='bbox 668 689 764 727; x_wconf 79' lang='lat' dir='ltr'>fuiss&#39;e</span> <span class='ocrx_word' id='word_1_130' title='bbox 789 689 993 728; x_wconf 83' lang='lat' dir='ltr'>ludaeorum</span> <span class='ocrx_word' id='word_1_131' title='bbox 1017 689 1240 734; x_wconf 77' lang='lat' dir='ltr'>sacerdotem,</span> <span class='ocrx_word' id='word_1_132' title='bbox 1268 691 1333 730; x_wconf 79' lang='lat' dir='ltr'>effe</span> <span class='ocrx_word' id='word_1_133' title='bbox 1357 705 1470 732; x_wconf 83' lang='lat' dir='ltr'>autem</span> <span class='ocrx_word' id='word_1_134' title='bbox 1493 695 1570 734; x_wconf 84' lang='lat' dir='ltr'>dein</span> <span class='ocrx_word' id='word_1_135' title='bbox 1589 698 1729 750; x_wconf 77' lang='lat' dir='ltr'>potuisse</span> <span class='ocrx_word' id='word_1_136' title='bbox 1747 704 1832 738; x_wconf 73' lang='lat' dir='ltr'>chri.</span> 
     </span>
     <span class='ocr_line' id='line_1_13' title="bbox 183 740 1831 796; baseline 0.007 -16"><span class='ocrx_word' id='word_1_137' title='bbox 183 743 348 784; x_wconf 68' lang='lat' dir='ltr'>niarium,</span> <span class='ocrx_word' id='word_1_138' title='bbox 374 740 448 780; x_wconf 87' lang='lat' dir='ltr'>sane</span> <span class='ocrx_word' id='word_1_139' title='bbox 474 743 590 785; x_wconf 87' lang='lat' dir='ltr'>illum,</span> <span class='ocrx_word' id='word_1_140' title='bbox 617 742 657 780; x_wconf 88' lang='lat' dir='ltr'>ad</span> <span class='ocrx_word' id='word_1_141' title='bbox 683 757 783 794; x_wconf 91' lang='lat' dir='ltr'>quem</span> <span class='ocrx_word' id='word_1_142' title='bbox 806 744 907 780; x_wconf 88' lang='lat' dir='ltr'>libros</span> <span class='ocrx_word' id='word_1_143' title='bbox 930 741 1006 780; x_wconf 87' lang='lat' dir='ltr'>suos</span> <span class='ocrx_word' id='word_1_144' title='bbox 1035 744 1167 782; x_wconf 81' lang='lat' dir='ltr'>diuinos</span> <span class='ocrx_word' id='word_1_145' title='bbox 1197 746 1355 796; x_wconf 84' lang='lat' dir='ltr'>allegauit</span> <span class='ocrx_word' id='word_1_146' title='bbox 1379 749 1422 784; x_wconf 89' lang='lat' dir='ltr'>D.</span> <span class='ocrx_word' id='word_1_147' title='bbox 1441 749 1562 793; x_wconf 86' lang='lat' dir='ltr'>Lucas,</span> <span class='ocrx_word' id='word_1_148' title='bbox 1597 754 1750 790; x_wconf 90' lang='lat' dir='ltr'>euincere</span> <span class='ocrx_word' id='word_1_149' title='bbox 1776 768 1831 791; x_wconf 92' lang='lat' dir='ltr'>co-</span> 
     </span>
     <span class='ocr_line' id='line_1_14' title="bbox 184 795 1832 850; baseline 0.004 -18"><span class='ocrx_word' id='word_1_150' title='bbox 184 806 293 832; x_wconf 82' lang='lat' dir='ltr'>natur.</span> <span class='ocrx_word' id='word_1_151' title='bbox 347 795 447 840; x_wconf 79' lang='lat' dir='ltr'>(Add.</span> <span class='ocrx_word' id='word_1_152' title='bbox 476 796 582 845; x_wconf 62' lang='lat' dir='ltr'>Wolf.</span> <span class='ocrx_word' id='word_1_153' title='bbox 603 809 696 832; x_wconf 90' lang='lat' dir='ltr'>curas</span> <span class='ocrx_word' id='word_1_154' title='bbox 718 796 838 846; x_wconf 89' lang='lat' dir='ltr'>philol.</span> <span class='ocrx_word' id='word_1_155' title='bbox 863 808 895 832; x_wconf 78' lang='lat' dir='ltr'>rt</span> <span class='ocrx_word' id='word_1_156' title='bbox 915 799 1060 839; x_wconf 80' lang='lat' dir='ltr'>criticas,</span> <span class='ocrx_word' id='word_1_157' title='bbox 1087 797 1126 833; x_wconf 85' lang='lat' dir='ltr'>ad</span> <span class='ocrx_word' id='word_1_158' title='bbox 1150 800 1221 836; x_wconf 67' lang='lat' dir='ltr'>adia</span> <span class='ocrx_word' id='word_1_159' title='bbox 1243 799 1428 848; x_wconf 77' lang='lat' dir='ltr'>apostolor.</span> <span class='ocrx_word' id='word_1_160' title='bbox 1449 815 1519 850; x_wconf 85' lang='lat' dir='ltr'>cap.</span> <span class='ocrx_word' id='word_1_161' title='bbox 1538 805 1573 850; x_wconf 83' lang='grc' dir='ltr'>ι.)</span> <span class='ocrx_word' id='word_1_162' title='bbox 1602 823 1653 833; x_wconf 86' lang='grc'>--</span> <span class='ocrx_word' id='word_1_163' title='bbox 1692 806 1832 843; x_wconf 87' lang='lat' dir='ltr'>Trium.</span> 
     </span>
     <span class='ocr_line' id='line_1_15' title="bbox 183 847 1833 909; baseline 0.008 -26"><span class='ocrx_word' id='word_1_164' title='bbox 183 850 245 884; x_wconf 77' lang='lat' dir='ltr'>viri</span> <span class='ocrx_word' id='word_1_165' title='bbox 277 858 389 885; x_wconf 81' lang='lat' dir='ltr'>autem</span> <span class='ocrx_word' id='word_1_166' title='bbox 421 847 470 885; x_wconf 81' lang='lat' dir='ltr'>illi</span> <span class='ocrx_word' id='word_1_167' title='bbox 499 849 623 885; x_wconf 88' lang='lat' dir='ltr'>multos</span> <span class='ocrx_word' id='word_1_168' title='bbox 649 848 732 884; x_wconf 85' lang='lat' dir='ltr'>alios</span> <span class='ocrx_word' id='word_1_169' title='bbox 763 849 958 895; x_wconf 74' lang='lat' dir='ltr'>Theophilos</span> <span class='ocrx_word' id='word_1_170' title='bbox 991 863 1031 885; x_wconf 89' lang='lat' dir='ltr'>ex</span> <span class='ocrx_word' id='word_1_171' title='bbox 1061 853 1158 887; x_wconf 84' lang='lat' dir='ltr'>omni</span> <span class='ocrx_word' id='word_1_172' title='bbox 1185 854 1378 901; x_wconf 82' lang='lat' dir='ltr'>antiquitate</span> <span class='ocrx_word' id='word_1_173' title='bbox 1413 853 1623 903; x_wconf 82' lang='lat' dir='ltr'>collegerunt</span> <span class='ocrx_word' id='word_1_174' title='bbox 1663 867 1833 909; x_wconf 80' lang='lat' dir='ltr'>tamquam</span> 
     </span>
     <span class='ocr_line' id='line_1_16' title="bbox 183 896 1833 960; baseline 0.006 -24"><span class='ocrx_word' id='word_1_175' title='bbox 183 896 452 950; x_wconf 81' lang='lat' dir='ltr'>supplementum</span> <span class='ocrx_word' id='word_1_176' title='bbox 483 899 524 936; x_wconf 84' lang='lat' dir='ltr'>ad</span> <span class='ocrx_word' id='word_1_177' title='bbox 556 902 647 936; x_wconf 88' lang='lat' dir='ltr'>hunc</span> <span class='ocrx_word' id='word_1_178' title='bbox 673 900 813 937; x_wconf 75' lang='lat' dir='ltr'>Fabricii</span> <span class='ocrx_word' id='word_1_179' title='bbox 843 901 1046 951; x_wconf 83' lang='lat' dir='ltr'>catalogum.</span> <span class='ocrx_word' id='word_1_180' title='bbox 1111 905 1219 953; x_wconf 80' lang='lat' dir='ltr'>Atque</span> <span class='ocrx_word' id='word_1_181' title='bbox 1247 901 1314 953; x_wconf 86' lang='lat' dir='ltr'>ipse</span> <span class='ocrx_word' id='word_1_182' title='bbox 1343 906 1517 941; x_wconf 72' lang='lat' dir='ltr'>Fabricius</span> <span class='ocrx_word' id='word_1_183' title='bbox 1539 909 1572 943; x_wconf 88' lang='lat' dir='ltr'>in</span> <span class='ocrx_word' id='word_1_184' title='bbox 1601 908 1678 944; x_wconf 83' lang='lat' dir='ltr'>bibl.</span> <span class='ocrx_word' id='word_1_185' title='bbox 1708 924 1758 960; x_wconf 86' lang='lat' dir='ltr'>gr.</span> <span class='ocrx_word' id='word_1_186' title='bbox 1776 914 1833 949; x_wconf 79' lang='lat' dir='ltr'>Vl.</span> 
     </span>
     <span class='ocr_line' id='line_1_17' title="bbox 187 950 1835 1006; baseline 0.007 -17"><span class='ocrx_word' id='word_1_187' title='bbox 187 965 261 1003; x_wconf 82' lang='lat' dir='ltr'>cap.</span> <span class='ocrx_word' id='word_1_188' title='bbox 276 965 307 998; x_wconf 76' lang='lat'>7.</span> <span class='ocrx_word' id='word_1_189' title='bbox 332 954 398 989; x_wconf 86' lang='lat' dir='ltr'>vol.</span> <span class='ocrx_word' id='word_1_190' title='bbox 415 954 486 990; x_wconf 82' lang='grc' dir='ltr'>ΧΠ.</span> <span class='ocrx_word' id='word_1_191' title='bbox 516 965 594 1002; x_wconf 86' lang='lat' dir='ltr'>pag.</span> <span class='ocrx_word' id='word_1_192' title='bbox 613 957 680 997; x_wconf 88' lang='lat'>648</span> <span class='ocrx_word' id='word_1_193' title='bbox 698 963 729 989; x_wconf 91' lang='lat' dir='ltr'>et</span> <span class='ocrx_word' id='word_1_194' title='bbox 744 955 816 1000; x_wconf 83' lang='lat'>654.</span> <span class='ocrx_word' id='word_1_195' title='bbox 833 950 903 1004; x_wconf 87' lang='lat' dir='ltr'>sqq.</span> <span class='ocrx_word' id='word_1_196' title='bbox 928 955 1038 1003; x_wconf 86' lang='lat' dir='ltr'>plures</span> <span class='ocrx_word' id='word_1_197' title='bbox 1067 955 1257 1003; x_wconf 78' lang='lat' dir='ltr'>Theoplu&#39;los</span> <span class='ocrx_word' id='word_1_198' title='bbox 1278 956 1437 1006; x_wconf 80' lang='lat' dir='ltr'>produxit</span> <span class='ocrx_word' id='word_1_199' title='bbox 1460 960 1495 995; x_wconf 91' lang='lat' dir='ltr'>in</span> <span class='ocrx_word' id='word_1_200' title='bbox 1516 958 1648 1003; x_wconf 85' lang='lat' dir='ltr'>lucem,</span> <span class='ocrx_word' id='word_1_201' title='bbox 1675 973 1705 998; x_wconf 88' lang='lat' dir='ltr'>et</span> <span class='ocrx_word' id='word_1_202' title='bbox 1729 964 1835 1002; x_wconf 89' lang='lat' dir='ltr'>obiter</span> 
     </span>
     <span class='ocr_line' id='line_1_18' title="bbox 179 1003 1700 1068; baseline 0.006 -26"><span class='ocrx_word' id='word_1_203' title='bbox 179 1003 332 1043; x_wconf 82' lang='lat' dir='ltr'>laudauit</span> <span class='ocrx_word' id='word_1_204' title='bbox 354 1005 508 1068; x_wconf 57' lang='lat' dir='ltr'>piblioth.</span> <span class='ocrx_word' id='word_1_205' title='bbox 527 1003 696 1044; x_wconf 66' lang='lat' dir='ltr'>bremens.</span> <span class='ocrx_word' id='word_1_206' title='bbox 725 1007 801 1057; x_wconf 86' lang='lat' dir='ltr'>Ego</span> <span class='ocrx_word' id='word_1_207' title='bbox 822 1019 902 1043; x_wconf 84' lang='lat' dir='ltr'>vero</span> <span class='ocrx_word' id='word_1_208' title='bbox 923 1006 1063 1045; x_wconf 85' lang='lat' dir='ltr'>illorum</span> <span class='ocrx_word' id='word_1_209' title='bbox 1083 1011 1286 1047; x_wconf 83' lang='lat' dir='ltr'>memoriam</span> <span class='ocrx_word' id='word_1_210' title='bbox 1306 1009 1360 1046; x_wconf 89' lang='lat' dir='ltr'>hic</span> <span class='ocrx_word' id='word_1_211' title='bbox 1381 1021 1542 1062; x_wconf 83' lang='lat' dir='ltr'>repetam.</span> <span class='ocrx_word' id='word_1_212' title='bbox 1596 1013 1700 1052; x_wconf 82' lang='lat' dir='ltr'>Harl.</span> 
     </span>
    </p>
   </div>
   <div class='ocr_carea' id='block_1_4' title="bbox 78 1098 1838 1778">
    <p class='ocr_par' dir='ltr' id='par_1_4' title="bbox 78 1098 1838 1626">
     <span class='ocr_line' id='line_1_19' title="bbox 78 1098 1837 1155; baseline 0.007 -21"><span class='ocrx_word' id='word_1_213' title='bbox 78 1114 109 1150; x_wconf 74' lang='grc' dir='ltr'>ς.</span> <span class='ocrx_word' id='word_1_214' title='bbox 134 1099 374 1150; x_wconf 74' lang='lat' dir='ltr'>Theophilus,</span> <span class='ocrx_word' id='word_1_215' title='bbox 398 1098 625 1138; x_wconf 70' lang='lat' dir='ltr'>caesareensis</span> <span class='ocrx_word' id='word_1_216' title='bbox 641 1098 825 1152; x_wconf 82' lang='lat' dir='ltr'>episcopus,</span> <span class='ocrx_word' id='word_1_217' title='bbox 852 1103 1064 1138; x_wconf 83' lang='lat' dir='ltr'>Antiocheno</span> <span class='ocrx_word' id='word_1_218' title='bbox 1081 1098 1252 1153; x_wconf 85' lang='lat' dir='ltr'>episcopo,</span> <span class='ocrx_word' id='word_1_219' title='bbox 1279 1105 1369 1140; x_wconf 82' lang='lat' dir='ltr'>cuius</span> <span class='ocrx_word' id='word_1_220' title='bbox 1385 1102 1503 1155; x_wconf 88' lang='lat' dir='ltr'>scripta</span> <span class='ocrx_word' id='word_1_221' title='bbox 1527 1108 1593 1143; x_wconf 88' lang='lat' dir='ltr'>iam</span> <span class='ocrx_word' id='word_1_222' title='bbox 1612 1108 1726 1154; x_wconf 86' lang='lat' dir='ltr'>retuli,</span> <span class='ocrx_word' id='word_1_223' title='bbox 1753 1121 1837 1147; x_wconf 88' lang='lat' dir='ltr'>aeta·</span> 
     </span>
     <span class='ocr_line' id='line_1_20' title="bbox 183 1150 1836 1205; baseline 0.006 -16"><span class='ocrx_word' id='word_1_224' title='bbox 183 1162 216 1189; x_wconf 87' lang='lat' dir='ltr'>te</span> <span class='ocrx_word' id='word_1_225' title='bbox 242 1150 373 1204; x_wconf 80' lang='lat' dir='ltr'>suppar.</span> <span class='ocrx_word' id='word_1_226' title='bbox 426 1155 506 1189; x_wconf 87' lang='lat' dir='ltr'>Eius</span> <span class='ocrx_word' id='word_1_227' title='bbox 526 1153 723 1191; x_wconf 79' lang='lat' dir='ltr'>relationem</span> <span class='ocrx_word' id='word_1_228' title='bbox 747 1153 788 1190; x_wconf 91' lang='lat' dir='ltr'>de</span> <span class='ocrx_word' id='word_1_229' title='bbox 809 1153 941 1190; x_wconf 81' lang='lat' dir='ltr'>decreto</span> <span class='ocrx_word' id='word_1_230' title='bbox 956 1153 1176 1191; x_wconf 72' lang='lat' dir='ltr'>caesareensis</span> <span class='ocrx_word' id='word_1_231' title='bbox 1192 1153 1331 1200; x_wconf 80' lang='lat' dir='ltr'>synodi,</span> <span class='ocrx_word' id='word_1_232' title='bbox 1359 1161 1397 1193; x_wconf 82' lang='lat' dir='ltr'>A.</span> <span class='ocrx_word' id='word_1_233' title='bbox 1411 1160 1450 1194; x_wconf 90' lang='lat' dir='ltr'>C.</span> <span class='ocrx_word' id='word_1_234' title='bbox 1474 1162 1547 1205; x_wconf 78' lang='lat'>196.</span> <span class='ocrx_word' id='word_1_235' title='bbox 1573 1161 1706 1198; x_wconf 85' lang='lat' dir='ltr'>habitae</span> <span class='ocrx_word' id='word_1_236' title='bbox 1723 1161 1764 1199; x_wconf 89' lang='lat' dir='ltr'>de</span> <span class='ocrx_word' id='word_1_237' title='bbox 1782 1165 1836 1200; x_wconf 87' lang='lat' dir='ltr'>Pa-</span> 
     </span>
     <span class='ocr_line' id='line_1_21' title="bbox 184 1202 1837 1263; baseline 0.006 -22"><span class='ocrx_word' id='word_1_238' title='bbox 184 1202 296 1242; x_wconf 81' lang='lat' dir='ltr'>schate</span> <span class='ocrx_word' id='word_1_239' title='bbox 318 1203 376 1241; x_wconf 90' lang='lat' dir='ltr'>sub</span> <span class='ocrx_word' id='word_1_240' title='bbox 397 1202 480 1241; x_wconf 83' lang='lat' dir='ltr'>falso</span> <span class='ocrx_word' id='word_1_241' title='bbox 508 1207 653 1252; x_wconf 79' lang='lat' dir='ltr'>Philippi</span> <span class='ocrx_word' id='word_1_242' title='bbox 678 1209 816 1242; x_wconf 84' lang='lat' dir='ltr'>nomine</span> <span class='ocrx_word' id='word_1_243' title='bbox 839 1205 941 1242; x_wconf 83' lang='lat' dir='ltr'>edidit</span> <span class='ocrx_word' id='word_1_244' title='bbox 969 1207 1146 1242; x_wconf 78' lang='lat' dir='ltr'>Bucherius</span> <span class='ocrx_word' id='word_1_245' title='bbox 1169 1220 1243 1257; x_wconf 78' lang='lat' dir='ltr'>pag.</span> <span class='ocrx_word' id='word_1_246' title='bbox 1265 1211 1344 1255; x_wconf 81' lang='lat'>469.</span> <span class='ocrx_word' id='word_1_247' title='bbox 1369 1209 1408 1246; x_wconf 81' lang='lat' dir='ltr'>ad</span> <span class='ocrx_word' id='word_1_248' title='bbox 1437 1211 1589 1257; x_wconf 24' lang='lat' dir='ltr'>Vit‘loriiA</span> <span class='ocrx_word' id='word_1_249' title='bbox 1606 1216 1760 1263; x_wconf 80' lang='lat' dir='ltr'>Aquitani</span> <span class='ocrx_word' id='word_1_250' title='bbox 1786 1229 1837 1251; x_wconf 85' lang='lat' dir='ltr'>ca·</span> 
     </span>
     <span class='ocr_line' id='line_1_22' title="bbox 167 1253 1838 1316; baseline 0.006 -22"><span class='ocrx_word' id='word_1_251' title='bbox 167 1269 311 1294; x_wconf 58' lang='lat' dir='ltr'>*nonem</span> <span class='ocrx_word' id='word_1_252' title='bbox 336 1253 533 1307; x_wconf 83' lang='lat' dir='ltr'>paschalem.</span> <span class='ocrx_word' id='word_1_253' title='bbox 583 1258 650 1294; x_wconf 86' lang='lat' dir='ltr'>-Sub</span> <span class='ocrx_word' id='word_1_254' title='bbox 682 1258 868 1308; x_wconf 79' lang='lat' dir='ltr'>Theophili</span> <span class='ocrx_word' id='word_1_255' title='bbox 893 1261 1033 1295; x_wconf 87' lang='lat' dir='ltr'>nomine</span> <span class='ocrx_word' id='word_1_256' title='bbox 1066 1258 1165 1295; x_wconf 85' lang='lat' dir='ltr'>exssat</span> <span class='ocrx_word' id='word_1_257' title='bbox 1187 1259 1275 1309; x_wconf 87' lang='lat' dir='ltr'>apud</span> <span class='ocrx_word' id='word_1_258' title='bbox 1301 1262 1421 1298; x_wconf 83' lang='lat' dir='ltr'>Bedam</span> <span class='ocrx_word' id='word_1_259' title='bbox 1455 1263 1514 1298; x_wconf 79' lang='lat' dir='ltr'>lib.</span> <span class='ocrx_word' id='word_1_260' title='bbox 1549 1263 1590 1300; x_wconf 90' lang='lat' dir='ltr'>de</span> <span class='ocrx_word' id='word_1_261' title='bbox 1621 1269 1838 1316; x_wconf 61' lang='lat' dir='ltr'>aequinoctio</span> 
     </span>
     <span class='ocr_line' id='line_1_23' title="bbox 179 1311 1837 1362; baseline 0.008 -17"><span class='ocrx_word' id='word_1_262' title='bbox 179 1319 266 1346; x_wconf 68' lang='lat' dir='ltr'>tom.</span> <span class='ocrx_word' id='word_1_263' title='bbox 285 1321 315 1346; x_wconf 66' lang='grc' dir='ltr'>π.</span> <span class='ocrx_word' id='word_1_264' title='bbox 344 1311 433 1359; x_wconf 88' lang='lat' dir='ltr'>Opp.</span> <span class='ocrx_word' id='word_1_265' title='bbox 456 1323 528 1360; x_wconf 73' lang='lat' dir='ltr'>pag.</span> <span class='ocrx_word' id='word_1_266' title='bbox 544 1323 614 1348; x_wconf 81' lang='lat'>222.</span> <span class='ocrx_word' id='word_1_267' title='bbox 636 1321 667 1347; x_wconf 88' lang='lat' dir='ltr'>et</span> <span class='ocrx_word' id='word_1_268' title='bbox 691 1313 722 1346; x_wconf 93' lang='lat' dir='ltr'>in</span> <span class='ocrx_word' id='word_1_269' title='bbox 745 1311 904 1347; x_wconf 83' lang='lat' dir='ltr'>Conciliis</span> <span class='ocrx_word' id='word_1_270' title='bbox 933 1312 1053 1346; x_wconf 83' lang='lat' dir='ltr'>Labbei</span> <span class='ocrx_word' id='word_1_271' title='bbox 1076 1322 1159 1347; x_wconf 90' lang='lat' dir='ltr'>tom.</span> <span class='ocrx_word' id='word_1_272' title='bbox 1178 1324 1200 1347; x_wconf 78' lang='lat' dir='ltr'>r.</span> <span class='ocrx_word' id='word_1_273' title='bbox 1227 1326 1303 1362; x_wconf 85' lang='lat' dir='ltr'>pag.</span> <span class='ocrx_word' id='word_1_274' title='bbox 1319 1318 1398 1360; x_wconf 87' lang='lat'>596.</span> <span class='ocrx_word' id='word_1_275' title='bbox 1419 1324 1449 1350; x_wconf 89' lang='lat' dir='ltr'>et</span> <span class='ocrx_word' id='word_1_276' title='bbox 1471 1316 1673 1353; x_wconf 79' lang='lat' dir='ltr'>emendatius</span> <span class='ocrx_word' id='word_1_277' title='bbox 1693 1321 1727 1354; x_wconf 90' lang='lat' dir='ltr'>in</span> <span class='ocrx_word' id='word_1_278' title='bbox 1747 1334 1837 1358; x_wconf 86' lang='lat' dir='ltr'>noua</span> 
     </span>
     <span class='ocr_line' id='line_1_24' title="bbox 185 1360 1836 1422; baseline 0.007 -26"><span class='ocrx_word' id='word_1_279' title='bbox 185 1360 323 1398; x_wconf 74' lang='lat' dir='ltr'>Baluzii</span> <span class='ocrx_word' id='word_1_280' title='bbox 345 1363 548 1399; x_wconf 58' lang='lat' dir='ltr'>collectione</span> <span class='ocrx_word' id='word_1_281' title='bbox 572 1375 645 1412; x_wconf 86' lang='lat' dir='ltr'>pag.</span> <span class='ocrx_word' id='word_1_282' title='bbox 663 1375 704 1406; x_wconf 83' lang='lat'>¹3·</span> <span class='ocrx_word' id='word_1_283' title='bbox 759 1360 914 1411; x_wconf 69' lang='lat' dir='ltr'>Suspedia</span> <span class='ocrx_word' id='word_1_284' title='bbox 946 1373 1058 1400; x_wconf 86' lang='lat' dir='ltr'>tamen</span> <span class='ocrx_word' id='word_1_285' title='bbox 1084 1366 1207 1400; x_wconf 87' lang='lat' dir='ltr'>merito</span> <span class='ocrx_word' id='word_1_286' title='bbox 1238 1364 1367 1402; x_wconf 89' lang='lat' dir='ltr'>videtur</span> <span class='ocrx_word' id='word_1_287' title='bbox 1396 1368 1638 1416; x_wconf 85' lang='lat' dir='ltr'>Santebeuuio,</span> <span class='ocrx_word' id='word_1_288' title='bbox 1670 1369 1836 1422; x_wconf 87' lang='lat' dir='ltr'>Bosqueto</span> 
     </span>
     <span class='ocr_line' id='line_1_25' title="bbox 186 1413 1835 1467; baseline 0.007 -18"><span class='ocrx_word' id='word_1_289' title='bbox 186 1422 221 1449; x_wconf 76' lang='lat' dir='ltr'>et</span> <span class='ocrx_word' id='word_1_290' title='bbox 242 1413 492 1457; x_wconf 82' lang='lat' dir='ltr'>Tillemomio,</span> <span class='ocrx_word' id='word_1_291' title='bbox 521 1427 621 1463; x_wconf 84' lang='lat' dir='ltr'>quem</span> <span class='ocrx_word' id='word_1_292' title='bbox 649 1414 723 1450; x_wconf 82' lang='lat' dir='ltr'>vide</span> <span class='ocrx_word' id='word_1_293' title='bbox 743 1424 820 1451; x_wconf 77' lang='lat' dir='ltr'>nota</span> <span class='ocrx_word' id='word_1_294' title='bbox 837 1429 865 1452; x_wconf 86' lang='lat'>2.</span> <span class='ocrx_word' id='word_1_295' title='bbox 890 1413 929 1451; x_wconf 80' lang='lat' dir='ltr'>ad</span> <span class='ocrx_word' id='word_1_296' title='bbox 953 1417 1055 1451; x_wconf 85' lang='lat' dir='ltr'>vitam</span> <span class='ocrx_word' id='word_1_297' title='bbox 1077 1418 1109 1451; x_wconf 89' lang='lat' dir='ltr'>S.</span> <span class='ocrx_word' id='word_1_298' title='bbox 1135 1417 1296 1455; x_wconf 65' lang='lat' dir='ltr'>victoris,</span> <span class='ocrx_word' id='word_1_299' title='bbox 1319 1431 1444 1467; x_wconf 77' lang='lat' dir='ltr'>papae,</span> <span class='ocrx_word' id='word_1_300' title='bbox 1468 1430 1549 1455; x_wconf 86' lang='lat' dir='ltr'>tom.</span> <span class='ocrx_word' id='word_1_301' title='bbox 1566 1434 1592 1465; x_wconf 85' lang='lat'>3.</span> <span class='ocrx_word' id='word_1_302' title='bbox 1621 1436 1724 1459; x_wconf 85' lang='lat' dir='ltr'>mem.</span> <span class='ocrx_word' id='word_1_303' title='bbox 1757 1425 1835 1461; x_wconf 86' lang='lat' dir='ltr'>eccl.</span> 
     </span>
     <span class='ocr_line' id='line_1_26' title="bbox 187 1463 1837 1523; baseline 0.008 -25"><span class='ocrx_word' id='word_1_304' title='bbox 187 1478 264 1515; x_wconf 80' lang='lat' dir='ltr'>pag,</span> <span class='ocrx_word' id='word_1_305' title='bbox 281 1477 358 1512; x_wconf 77' lang='lat'>479.</span> <span class='ocrx_word' id='word_1_306' title='bbox 377 1463 441 1514; x_wconf 86' lang='lat' dir='ltr'>seq.</span> <span class='ocrx_word' id='word_1_307' title='bbox 495 1467 546 1502; x_wconf 91' lang='lat' dir='ltr'>De</span> <span class='ocrx_word' id='word_1_308' title='bbox 567 1465 767 1515; x_wconf 86' lang='lat' dir='ltr'>Theophilo</span> <span class='ocrx_word' id='word_1_309' title='bbox 799 1464 870 1515; x_wconf 88' lang='lat' dir='ltr'>ipso</span> <span class='ocrx_word' id='word_1_310' title='bbox 894 1465 1064 1502; x_wconf 84' lang='lat' dir='ltr'>adeundus</span> <span class='ocrx_word' id='word_1_311' title='bbox 1090 1468 1248 1512; x_wconf 82' lang='lat' dir='ltr'>Eusebius</span> <span class='ocrx_word' id='word_1_312' title='bbox 1265 1470 1306 1504; x_wconf 94' lang='lat' dir='ltr'>V.</span> <span class='ocrx_word' id='word_1_313' title='bbox 1322 1482 1369 1514; x_wconf 85' lang='lat'>²3·</span> <span class='ocrx_word' id='word_1_314' title='bbox 1397 1481 1428 1506; x_wconf 88' lang='lat' dir='ltr'>et</span> <span class='ocrx_word' id='word_1_315' title='bbox 1451 1472 1672 1521; x_wconf 75' lang='lat' dir='ltr'>Hieronymus</span> <span class='ocrx_word' id='word_1_316' title='bbox 1701 1489 1770 1523; x_wconf 78' lang='lat' dir='ltr'>cap,</span> <span class='ocrx_word' id='word_1_317' title='bbox 1788 1489 1837 1521; x_wconf 82' lang='lat'>43,</span> 
     </span>
     <span class='ocr_line' id='line_1_27' title="bbox 187 1517 1838 1575; baseline 0.007 -25"><span class='ocrx_word' id='word_1_318' title='bbox 187 1517 341 1565; x_wconf 83' lang='lat' dir='ltr'>catalogi.</span> <span class='ocrx_word' id='word_1_319' title='bbox 368 1518 470 1552; x_wconf 83' lang='lat' dir='ltr'>Fabr.</span> <span class='ocrx_word' id='word_1_320' title='bbox 507 1519 544 1553; x_wconf 90' lang='lat' dir='ltr'>ln</span> <span class='ocrx_word' id='word_1_321' title='bbox 569 1528 654 1555; x_wconf 90' lang='lat' dir='ltr'>tom.</span> <span class='ocrx_word' id='word_1_322' title='bbox 672 1519 742 1553; x_wconf 81' lang='grc' dir='ltr'>ΧΠ.</span> <span class='ocrx_word' id='word_1_323' title='bbox 763 1531 838 1567; x_wconf 86' lang='lat' dir='ltr'>pag.</span> <span class='ocrx_word' id='word_1_324' title='bbox 857 1521 923 1564; x_wconf 85' lang='lat'>655.</span> <span class='ocrx_word' id='word_1_325' title='bbox 949 1520 1029 1555; x_wconf 89' lang='lat' dir='ltr'>haec</span> <span class='ocrx_word' id='word_1_326' title='bbox 1049 1518 1175 1554; x_wconf 87' lang='lat' dir='ltr'>addidit</span> <span class='ocrx_word' id='word_1_327' title='bbox 1191 1521 1286 1556; x_wconf 67' lang='lat' dir='ltr'>fabr.</span> <span class='ocrx_word' id='word_1_328' title='bbox 1314 1523 1399 1564; x_wconf 87' lang='lat' dir='ltr'>„De</span> <span class='ocrx_word' id='word_1_329' title='bbox 1415 1523 1622 1573; x_wconf 83' lang='lat' dir='ltr'>Theophili,</span> <span class='ocrx_word' id='word_1_330' title='bbox 1654 1529 1838 1575; x_wconf 69' lang='lat' dir='ltr'>Cafirem.</span> 
     </span>
     <span class='ocr_line' id='line_1_28' title="bbox 175 1566 1837 1626; baseline 0.008 -22"><span class='ocrx_word' id='word_1_331' title='bbox 175 1570 226 1620; x_wconf 77' lang='lat' dir='ltr'>fis</span> <span class='ocrx_word' id='word_1_332' title='bbox 250 1566 410 1618; x_wconf 86' lang='lat' dir='ltr'>episcopi,</span> <span class='ocrx_word' id='word_1_333' title='bbox 434 1568 638 1605; x_wconf 68' lang='lat' dir='ltr'>ocioeteride</span> <span class='ocrx_word' id='word_1_334' title='bbox 662 1568 831 1605; x_wconf 82' lang='lat' dir='ltr'>adeundus</span> <span class='ocrx_word' id='word_1_335' title='bbox 849 1571 934 1607; x_wconf 85' lang='lat' dir='ltr'>Sam.</span> <span class='ocrx_word' id='word_1_336' title='bbox 958 1572 1092 1606; x_wconf 82' lang='lat' dir='ltr'>Petitus</span> <span class='ocrx_word' id='word_1_337' title='bbox 1119 1571 1225 1621; x_wconf 87' lang='lat' dir='ltr'>eclog.</span> <span class='ocrx_word' id='word_1_338' title='bbox 1253 1574 1454 1624; x_wconf 78' lang='lat' dir='ltr'>chronolog.</span> <span class='ocrx_word' id='word_1_339' title='bbox 1487 1590 1563 1626; x_wconf 86' lang='lat' dir='ltr'>pag.</span> <span class='ocrx_word' id='word_1_340' title='bbox 1579 1590 1638 1623; x_wconf 82' lang='lat'>¹51·</span> <span class='ocrx_word' id='word_1_341' title='bbox 1691 1581 1742 1616; x_wconf 82' lang='lat' dir='ltr'>Ex</span> <span class='ocrx_word' id='word_1_342' title='bbox 1768 1583 1837 1618; x_wconf 70' lang='lat' dir='ltr'>eius</span> 
     </span>
    </p>

    <p class='ocr_par' dir='ltr' id='par_1_5' title="bbox 143 1618 1837 1778">
     <span class='ocr_line' id='line_1_29' title="bbox 143 1618 1837 1678; baseline 0.008 -22"><span class='ocrx_word' id='word_1_343' title='bbox 143 1640 145 1643; x_wconf 94' lang='lat'>·</span> <span class='ocrx_word' id='word_1_344' title='bbox 188 1620 325 1670; x_wconf 78' lang='lat' dir='ltr'>epistola</span> <span class='ocrx_word' id='word_1_345' title='bbox 346 1618 507 1666; x_wconf 79' lang='lat' dir='ltr'>synodica</span> <span class='ocrx_word' id='word_1_346' title='bbox 534 1619 689 1657; x_wconf 74' lang='lat' dir='ltr'>aduersus</span> <span class='ocrx_word' id='word_1_347' title='bbox 713 1633 791 1669; x_wconf 84' lang='lat' dir='ltr'>eos,</span> <span class='ocrx_word' id='word_1_348' title='bbox 820 1625 874 1671; x_wconf 87' lang='lat' dir='ltr'>qui</span> <span class='ocrx_word' id='word_1_349' title='bbox 898 1632 1013 1671; x_wconf 80' lang='lat' dir='ltr'>quarta</span> <span class='ocrx_word' id='word_1_350' title='bbox 1039 1623 1168 1660; x_wconf 78' lang='lat' dir='ltr'>decima</span> <span class='ocrx_word' id='word_1_351' title='bbox 1188 1625 1266 1660; x_wconf 84' lang='lat' dir='ltr'>luna</span> <span class='ocrx_word' id='word_1_352' title='bbox 1288 1638 1367 1663; x_wconf 89' lang='lat' dir='ltr'>cum</span> <span class='ocrx_word' id='word_1_353' title='bbox 1382 1627 1508 1664; x_wconf 80' lang='lat' dir='ltr'>Iudaeis</span> <span class='ocrx_word' id='word_1_354' title='bbox 1530 1627 1644 1678; x_wconf 87' lang='lat' dir='ltr'>pascha</span> <span class='ocrx_word' id='word_1_355' title='bbox 1662 1631 1837 1677; x_wconf 76' lang='lat' dir='ltr'>celebrant,</span> 
     </span>
     <span class='ocr_line' id='line_1_30' title="bbox 186 1670 1836 1735; baseline 0.008 -26"><span class='ocrx_word' id='word_1_356' title='bbox 186 1671 302 1710; x_wconf 89' lang='lat' dir='ltr'>locum</span> <span class='ocrx_word' id='word_1_357' title='bbox 327 1670 432 1708; x_wconf 84' lang='lat' dir='ltr'>adfert</span> <span class='ocrx_word' id='word_1_358' title='bbox 449 1674 606 1708; x_wconf 82' lang='lat' dir='ltr'>Rabanus</span> <span class='ocrx_word' id='word_1_359' title='bbox 627 1675 771 1709; x_wconf 76' lang='lat' dir='ltr'>Maurus</span> <span class='ocrx_word' id='word_1_360' title='bbox 792 1674 878 1710; x_wconf 83' lang='lat' dir='ltr'>libro</span> <span class='ocrx_word' id='word_1_361' title='bbox 902 1675 943 1710; x_wconf 87' lang='lat' dir='ltr'>de</span> <span class='ocrx_word' id='word_1_362' title='bbox 967 1685 1131 1725; x_wconf 85' lang='lat' dir='ltr'>compoto</span> <span class='ocrx_word' id='word_1_363' title='bbox 1153 1689 1223 1724; x_wconf 82' lang='lat' dir='ltr'>cap.</span> <span class='ocrx_word' id='word_1_364' title='bbox 1235 1681 1288 1721; x_wconf 86' lang='lat'>64.</span> <span class='ocrx_word' id='word_1_365' title='bbox 1309 1681 1431 1716; x_wconf 84' lang='lat' dir='ltr'>tom.1.</span> <span class='ocrx_word' id='word_1_366' title='bbox 1453 1679 1545 1717; x_wconf 90' lang='lat' dir='ltr'>misc.</span> <span class='ocrx_word' id='word_1_367' title='bbox 1563 1682 1684 1719; x_wconf 87' lang='lat' dir='ltr'>Baluzii</span> <span class='ocrx_word' id='word_1_368' title='bbox 1702 1698 1734 1735; x_wconf 88' lang='lat' dir='ltr'>p.</span> <span class='ocrx_word' id='word_1_369' title='bbox 1750 1689 1836 1722; x_wconf 88' lang='lat'>60.“</span> 
     </span>
     <span class='ocr_line' id='line_1_31' title="bbox 189 1722 1519 1778; baseline 0.006 -17"><span class='ocrx_word' id='word_1_370' title='bbox 189 1724 266 1762; x_wconf 78' lang='lat' dir='ltr'>add.</span> <span class='ocrx_word' id='word_1_371' title='bbox 296 1722 384 1762; x_wconf 85' lang='lat' dir='ltr'>infra</span> <span class='ocrx_word' id='word_1_372' title='bbox 405 1727 440 1760; x_wconf 84' lang='lat' dir='ltr'>in</span> <span class='ocrx_word' id='word_1_373' title='bbox 463 1727 530 1763; x_wconf 88' lang='lat' dir='ltr'>hoc</span> <span class='ocrx_word' id='word_1_374' title='bbox 556 1737 628 1775; x_wconf 85' lang='lat' dir='ltr'>cap.</span> <span class='ocrx_word' id='word_1_375' title='bbox 651 1725 693 1762; x_wconf 87' lang='lat' dir='ltr'>de</span> <span class='ocrx_word' id='word_1_376' title='bbox 714 1724 890 1775; x_wconf 85' lang='lat' dir='ltr'>deperditis</span> <span class='ocrx_word' id='word_1_377' title='bbox 919 1725 1065 1778; x_wconf 81' lang='lat' dir='ltr'>scriptor.</span> <span class='ocrx_word' id='word_1_378' title='bbox 1089 1726 1171 1764; x_wconf 85' lang='lat' dir='ltr'>saec.</span> <span class='ocrx_word' id='word_1_379' title='bbox 1187 1731 1226 1765; x_wconf 88' lang='lat' dir='ltr'>ll.</span> <span class='ocrx_word' id='word_1_380' title='bbox 1248 1743 1296 1766; x_wconf 90' lang='lat' dir='ltr'>nr.</span> <span class='ocrx_word' id='word_1_381' title='bbox 1316 1742 1365 1768; x_wconf 85' lang='lat'>22.</span> <span class='ocrx_word' id='word_1_382' title='bbox 1419 1733 1519 1769; x_wconf 79' lang='lat' dir='ltr'>Harl.</span> 
     </span>
    </p>
   </div>
   <div class='ocr_carea' id='block_1_5' title="bbox 84 1792 1675 1848">
    <p class='ocr_par' dir='ltr' id='par_1_6' title="bbox 84 1792 1675 1848">
     <span class='ocr_line' id='line_1_32' title="bbox 84 1792 1675 1848; baseline 0.004 -18"><span class='ocrx_word' id='word_1_383' title='bbox 84 1796 117 1832; x_wconf 87' lang='lat'>6.</span> <span class='ocrx_word' id='word_1_384' title='bbox 141 1792 377 1844; x_wconf 75' lang='lat' dir='ltr'>TheophiluS,</span> <span class='ocrx_word' id='word_1_385' title='bbox 400 1795 640 1844; x_wconf 81' lang='lat' dir='ltr'>Areopagitico</span> <span class='ocrx_word' id='word_1_386' title='bbox 667 1793 793 1831; x_wconf 88' lang='lat' dir='ltr'>iudicio</span> <span class='ocrx_word' id='word_1_387' title='bbox 819 1792 890 1831; x_wconf 82' lang='lat' dir='ltr'>falfi</span> <span class='ocrx_word' id='word_1_388' title='bbox 912 1793 1102 1839; x_wconf 85' lang='lat' dir='ltr'>damnatus,</span> <span class='ocrx_word' id='word_1_389' title='bbox 1131 1795 1175 1833; x_wconf 84' lang='lat' dir='ltr'>de</span> <span class='ocrx_word' id='word_1_390' title='bbox 1195 1808 1265 1847; x_wconf 88' lang='lat' dir='ltr'>quo</span> <span class='ocrx_word' id='word_1_391' title='bbox 1285 1799 1419 1835; x_wconf 79' lang='lat' dir='ltr'>Tacitus</span> <span class='ocrx_word' id='word_1_392' title='bbox 1440 1801 1480 1837; x_wconf 85' lang='grc' dir='ltr'>Π.</span> <span class='ocrx_word' id='word_1_393' title='bbox 1494 1813 1538 1848; x_wconf 86' lang='lat'>55.</span> <span class='ocrx_word' id='word_1_394' title='bbox 1556 1802 1675 1840; x_wconf 82' lang='lat' dir='ltr'>Annal.</span> 
     </span>
    </p>
   </div>
   <div class='ocr_carea' id='block_1_6' title="bbox 86 1859 1838 2331">
    <p class='ocr_par' dir='ltr' id='par_1_7' title="bbox 86 1859 1838 2331">
     <span class='ocr_line' id='line_1_33' title="bbox 86 1859 1836 1920; baseline 0.005 -21"><span class='ocrx_word' id='word_1_395' title='bbox 86 1876 118 1908; x_wconf 80' lang='lat'>7.</span> <span class='ocrx_word' id='word_1_396' title='bbox 145 1861 382 1910; x_wconf 76' lang='lat' dir='ltr'>Theophilus,</span> <span class='ocrx_word' id='word_1_397' title='bbox 417 1859 589 1905; x_wconf 82' lang='lat' dir='ltr'>medicus,</span> <span class='ocrx_word' id='word_1_398' title='bbox 622 1860 663 1897; x_wconf 89' lang='lat' dir='ltr'>de</span> <span class='ocrx_word' id='word_1_399' title='bbox 695 1875 762 1912; x_wconf 93' lang='lat' dir='ltr'>quo</span> <span class='ocrx_word' id='word_1_400' title='bbox 793 1863 938 1899; x_wconf 75' lang='lat' dir='ltr'>Galenus</span> <span class='ocrx_word' id='word_1_401' title='bbox 965 1862 1006 1899; x_wconf 90' lang='lat' dir='ltr'>de</span> <span class='ocrx_word' id='word_1_402' title='bbox 1034 1861 1301 1914; x_wconf 86' lang='lat' dir='ltr'>symptomatum</span> <span class='ocrx_word' id='word_1_403' title='bbox 1330 1864 1522 1904; x_wconf 83' lang='lat' dir='ltr'>differentiis</span> <span class='ocrx_word' id='word_1_404' title='bbox 1552 1883 1622 1920; x_wconf 83' lang='lat' dir='ltr'>cap.</span> <span class='ocrx_word' id='word_1_405' title='bbox 1643 1884 1672 1915; x_wconf 78' lang='lat'>3.</span> <span class='ocrx_word' id='word_1_406' title='bbox 1707 1873 1836 1911; x_wconf 72' lang='lat' dir='ltr'>Fabi-ir,</span> 
     </span>
     <span class='ocr_line' id='line_1_34' title="bbox 191 1905 1837 1970; baseline 0.007 -20"><span class='ocrx_word' id='word_1_407' title='bbox 191 1910 271 1951; x_wconf 57' lang='lat' dir='ltr'>vlia</span> <span class='ocrx_word' id='word_1_408' title='bbox 289 1905 675 1950; x_wconf 76' lang='lat' dir='ltr'>Elencho&#39;rnedicorum</span> <span class='ocrx_word' id='word_1_409' title='bbox 698 1925 773 1951; x_wconf 84' lang='lat' dir='ltr'>vett.</span> <span class='ocrx_word' id='word_1_410' title='bbox 797 1913 881 1951; x_wconf 81' lang='lat' dir='ltr'>insra</span> <span class='ocrx_word' id='word_1_411' title='bbox 901 1915 969 1952; x_wconf 88' lang='lat' dir='ltr'>vol.</span> <span class='ocrx_word' id='word_1_412' title='bbox 986 1917 1071 1952; x_wconf 83' lang='lat' dir='ltr'>xm.</span> <span class='ocrx_word' id='word_1_413' title='bbox 1097 1930 1258 1966; x_wconf 77' lang='lat' dir='ltr'>pag.434.</span> <span class='ocrx_word' id='word_1_414' title='bbox 1277 1919 1329 1954; x_wconf 83' lang='lat' dir='ltr'>vbi</span> <span class='ocrx_word' id='word_1_415' title='bbox 1353 1918 1420 1955; x_wconf 90' lang='lat' dir='ltr'>duo</span> <span class='ocrx_word' id='word_1_416' title='bbox 1440 1920 1494 1956; x_wconf 88' lang='lat' dir='ltr'>alii</span> <span class='ocrx_word' id='word_1_417' title='bbox 1525 1922 1708 1970; x_wconf 72' lang='lat' dir='ltr'>Theophili,</span> <span class='ocrx_word' id='word_1_418' title='bbox 1734 1925 1837 1961; x_wconf 86' lang='lat' dir='ltr'>medi-</span> 
     </span>
     <span class='ocr_line' id='line_1_35' title="bbox 188 1965 1836 2026; baseline 0.007 -24"><span class='ocrx_word' id='word_1_419' title='bbox 188 1969 232 2012; x_wconf 88' lang='lat' dir='ltr'>ci,</span> <span class='ocrx_word' id='word_1_420' title='bbox 254 1967 408 2010; x_wconf 81' lang='lat' dir='ltr'>citantur,</span> <span class='ocrx_word' id='word_1_421' title='bbox 433 1965 515 2002; x_wconf 87' lang='lat' dir='ltr'>alter</span> <span class='ocrx_word' id='word_1_422' title='bbox 531 1979 645 2002; x_wconf 86' lang='lat' dir='ltr'>comes</span> <span class='ocrx_word' id='word_1_423' title='bbox 659 1969 915 2009; x_wconf 86' lang='lat' dir='ltr'>archiatrorum,</span> <span class='ocrx_word' id='word_1_424' title='bbox 937 1968 1020 2004; x_wconf 83' lang='lat' dir='ltr'>alter</span> <span class='ocrx_word' id='word_1_425' title='bbox 1035 1968 1331 2019; x_wconf 76' lang='lat' dir='ltr'>protospatharius,</span> <span class='ocrx_word' id='word_1_426' title='bbox 1358 1970 1399 2008; x_wconf 90' lang='lat' dir='ltr'>de</span> <span class='ocrx_word' id='word_1_427' title='bbox 1415 1986 1483 2023; x_wconf 88' lang='lat' dir='ltr'>quo</span> <span class='ocrx_word' id='word_1_428' title='bbox 1505 1975 1632 2010; x_wconf 88' lang='lat' dir='ltr'>vberius</span> <span class='ocrx_word' id='word_1_429' title='bbox 1655 1979 1722 2026; x_wconf 83' lang='lat' dir='ltr'>agit</span> <span class='ocrx_word' id='word_1_430' title='bbox 1738 1978 1836 2013; x_wconf 78' lang='lat' dir='ltr'>Fubr.</span> 
     </span>
     <span class='ocr_line' id='line_1_36' title="bbox 190 2016 1835 2069; baseline 0.01 -18"><span class='ocrx_word' id='word_1_431' title='bbox 190 2021 227 2055; x_wconf 82' lang='lat' dir='ltr'>in</span> <span class='ocrx_word' id='word_1_432' title='bbox 250 2016 316 2053; x_wconf 87' lang='lat' dir='ltr'>vol.</span> <span class='ocrx_word' id='word_1_433' title='bbox 333 2019 402 2053; x_wconf 81' lang='grc' dir='ltr'>ΧΠ.</span> <span class='ocrx_word' id='word_1_434' title='bbox 430 2031 463 2067; x_wconf 91' lang='lat' dir='ltr'>p.</span> <span class='ocrx_word' id='word_1_435' title='bbox 482 2021 558 2062; x_wconf 87' lang='lat'>648.</span> <span class='ocrx_word' id='word_1_436' title='bbox 575 2016 644 2068; x_wconf 87' lang='lat' dir='ltr'>sqq.</span> <span class='ocrx_word' id='word_1_437' title='bbox 664 2017 733 2055; x_wconf 87' lang='lat' dir='ltr'>fiue</span> <span class='ocrx_word' id='word_1_438' title='bbox 759 2019 885 2055; x_wconf 79' lang='lat' dir='ltr'>lib.V1.</span> <span class='ocrx_word' id='word_1_439' title='bbox 909 2033 980 2069; x_wconf 83' lang='lat' dir='ltr'>cap.</span> <span class='ocrx_word' id='word_1_440' title='bbox 1001 2033 1029 2064; x_wconf 89' lang='lat'>7.</span> <span class='ocrx_word' id='word_1_441' title='bbox 1056 2031 1088 2056; x_wconf 90' lang='lat' dir='ltr'>et</span> <span class='ocrx_word' id='word_1_442' title='bbox 1110 2021 1204 2063; x_wconf 86' lang='lat' dir='ltr'>alibi,</span> <span class='ocrx_word' id='word_1_443' title='bbox 1237 2025 1271 2058; x_wconf 92' lang='lat' dir='ltr'>in</span> <span class='ocrx_word' id='word_1_444' title='bbox 1291 2022 1432 2065; x_wconf 83' lang='lat' dir='ltr'>eodem,</span> <span class='ocrx_word' id='word_1_445' title='bbox 1458 2036 1489 2061; x_wconf 90' lang='lat' dir='ltr'>et</span> <span class='ocrx_word' id='word_1_446' title='bbox 1512 2027 1563 2061; x_wconf 83' lang='lat' dir='ltr'>lX.</span> <span class='ocrx_word' id='word_1_447' title='bbox 1586 2041 1624 2062; x_wconf 86' lang='lat' dir='ltr'>ac</span> <span class='ocrx_word' id='word_1_448' title='bbox 1648 2029 1735 2064; x_wconf 82' lang='lat' dir='ltr'>Xlll.</span> <span class='ocrx_word' id='word_1_449' title='bbox 1754 2030 1835 2067; x_wconf 76' lang='lat' dir='ltr'>voll-</span> 
     </span>
     <span class='ocr_line' id='line_1_37' title="bbox 192 2069 1836 2125; baseline 0.007 -18"><span class='ocrx_word' id='word_1_450' title='bbox 192 2070 245 2107; x_wconf 82' lang='lat' dir='ltr'>ed.</span> <span class='ocrx_word' id='word_1_451' title='bbox 271 2080 334 2106; x_wconf 87' lang='lat' dir='ltr'>vet.</span> <span class='ocrx_word' id='word_1_452' title='bbox 387 2071 436 2106; x_wconf 76' lang='lat' dir='ltr'>Ab</span> <span class='ocrx_word' id='word_1_453' title='bbox 462 2071 523 2107; x_wconf 87' lang='lat' dir='ltr'>illo</span> <span class='ocrx_word' id='word_1_454' title='bbox 547 2071 636 2107; x_wconf 83' lang='lat' dir='ltr'>haud</span> <span class='ocrx_word' id='word_1_455' title='bbox 660 2069 806 2107; x_wconf 90' lang='lat' dir='ltr'>diuersus</span> <span class='ocrx_word' id='word_1_456' title='bbox 821 2072 951 2119; x_wconf 83' lang='lat' dir='ltr'>Hasaeo</span> <span class='ocrx_word' id='word_1_457' title='bbox 977 2074 1011 2107; x_wconf 90' lang='lat' dir='ltr'>in</span> <span class='ocrx_word' id='word_1_458' title='bbox 1034 2072 1111 2109; x_wconf 78' lang='lat' dir='ltr'>bibl.</span> <span class='ocrx_word' id='word_1_459' title='bbox 1134 2072 1245 2110; x_wconf 87' lang='lat' dir='ltr'>Brem.</span> <span class='ocrx_word' id='word_1_460' title='bbox 1266 2075 1285 2111; x_wconf 89' lang='lat' dir='ltr'>l.</span> <span class='ocrx_word' id='word_1_461' title='bbox 1301 2089 1329 2111; x_wconf 89' lang='lat' dir='ltr'>c.</span> <span class='ocrx_word' id='word_1_462' title='bbox 1350 2088 1422 2125; x_wconf 84' lang='lat' dir='ltr'>pag.</span> <span class='ocrx_word' id='word_1_463' title='bbox 1432 2084 1504 2121; x_wconf 85' lang='lat'>508.</span> <span class='ocrx_word' id='word_1_464' title='bbox 1529 2078 1656 2115; x_wconf 85' lang='lat' dir='ltr'>videtur</span> <span class='ocrx_word' id='word_1_465' title='bbox 1678 2083 1720 2121; x_wconf 86' lang='lat' dir='ltr'>is,</span> <span class='ocrx_word' id='word_1_466' title='bbox 1745 2085 1836 2118; x_wconf 84' lang='lat' dir='ltr'>cuius</span> 
     </span>
     <span class='ocr_line' id='line_1_38' title="bbox 191 2123 1838 2178; baseline 0.006 -18"><span class='ocrx_word' id='word_1_467' title='bbox 191 2131 414 2160; x_wconf 86' lang='lat' dir='ltr'>commentar.</span> <span class='ocrx_word' id='word_1_468' title='bbox 434 2124 469 2157; x_wconf 82' lang='lat' dir='ltr'>in</span> <span class='ocrx_word' id='word_1_469' title='bbox 488 2123 735 2173; x_wconf 85' lang='lat' dir='ltr'>Hippocratem</span> <span class='ocrx_word' id='word_1_470' title='bbox 760 2123 860 2160; x_wconf 76' lang='lat' dir='ltr'>exstat</span> <span class='ocrx_word' id='word_1_471' title='bbox 884 2127 920 2160; x_wconf 88' lang='lat' dir='ltr'>in</span> <span class='ocrx_word' id='word_1_472' title='bbox 947 2124 1023 2160; x_wconf 84' lang='lat' dir='ltr'>bibl.</span> <span class='ocrx_word' id='word_1_473' title='bbox 1048 2123 1200 2163; x_wconf 77' lang='lat' dir='ltr'>Ambros.</span> <span class='ocrx_word' id='word_1_474' title='bbox 1225 2127 1366 2163; x_wconf 72' lang='lat' dir='ltr'>Mediol.</span> <span class='ocrx_word' id='word_1_475' title='bbox 1395 2127 1473 2164; x_wconf 80' lang='lat' dir='ltr'>teste</span> <span class='ocrx_word' id='word_1_476' title='bbox 1502 2131 1688 2178; x_wconf 68' lang='lat' dir='ltr'>Illontfauc.</span> <span class='ocrx_word' id='word_1_477' title='bbox 1715 2136 1749 2169; x_wconf 85' lang='lat' dir='ltr'>in</span> <span class='ocrx_word' id='word_1_478' title='bbox 1772 2134 1838 2172; x_wconf 84' lang='lat' dir='ltr'>dia-</span> 
     </span>
     <span class='ocr_line' id='line_1_39' title="bbox 191 2173 1835 2227; baseline 0.006 -16"><span class='ocrx_word' id='word_1_479' title='bbox 191 2179 243 2212; x_wconf 91' lang='lat' dir='ltr'>rio</span> <span class='ocrx_word' id='word_1_480' title='bbox 267 2174 332 2210; x_wconf 88' lang='lat' dir='ltr'>ital.</span> <span class='ocrx_word' id='word_1_481' title='bbox 358 2187 433 2223; x_wconf 87' lang='lat' dir='ltr'>pag.</span> <span class='ocrx_word' id='word_1_482' title='bbox 446 2176 494 2210; x_wconf 88' lang='lat'>16.</span> <span class='ocrx_word' id='word_1_483' title='bbox 514 2187 576 2210; x_wconf 87' lang='lat' dir='ltr'>nec</span> <span class='ocrx_word' id='word_1_484' title='bbox 599 2178 646 2220; x_wconf 86' lang='lat' dir='ltr'>is,</span> <span class='ocrx_word' id='word_1_485' title='bbox 671 2177 726 2225; x_wconf 90' lang='lat' dir='ltr'>qui</span> <span class='ocrx_word' id='word_1_486' title='bbox 751 2173 1098 2227; x_wconf 65' lang='grc' dir='ltr'>βξοιχυλογῶτατος</span> <span class='ocrx_word' id='word_1_487' title='bbox 1123 2176 1244 2214; x_wconf 81' lang='lat' dir='ltr'>dicitur</span> <span class='ocrx_word' id='word_1_488' title='bbox 1265 2181 1298 2215; x_wconf 90' lang='lat' dir='ltr'>in</span> <span class='ocrx_word' id='word_1_489' title='bbox 1316 2178 1390 2216; x_wconf 92' lang='lat' dir='ltr'>cod.</span> <span class='ocrx_word' id='word_1_490' title='bbox 1408 2178 1539 2217; x_wconf 71' lang='lat' dir='ltr'>Vssenb.</span> <span class='ocrx_word' id='word_1_491' title='bbox 1563 2180 1740 2221; x_wconf 84' lang='lat' dir='ltr'>secundum</span> <span class='ocrx_word' id='word_1_492' title='bbox 1759 2187 1835 2223; x_wconf 88' lang='lat' dir='ltr'>bibl.</span> 
     </span>
     <span class='ocr_line' id='line_1_40' title="bbox 192 2225 1837 2289; baseline 0.009 -27"><span class='ocrx_word' id='word_1_493' title='bbox 192 2236 285 2266; x_wconf 83' lang='lat' dir='ltr'>msst.</span> <span class='ocrx_word' id='word_1_494' title='bbox 308 2225 450 2262; x_wconf 83' lang='lat' dir='ltr'>indicem</span> <span class='ocrx_word' id='word_1_495' title='bbox 474 2239 506 2275; x_wconf 92' lang='lat' dir='ltr'>p.</span> <span class='ocrx_word' id='word_1_496' title='bbox 522 2230 590 2273; x_wconf 78' lang='lat'>536.</span> <span class='ocrx_word' id='word_1_497' title='bbox 645 2229 743 2277; x_wconf 85' lang='lat' dir='ltr'>Atqui</span> <span class='ocrx_word' id='word_1_498' title='bbox 767 2239 828 2265; x_wconf 85' lang='lat' dir='ltr'>tres</span> <span class='ocrx_word' id='word_1_499' title='bbox 851 2228 949 2265; x_wconf 90' lang='lat' dir='ltr'>codd.</span> <span class='ocrx_word' id='word_1_500' title='bbox 973 2241 1097 2265; x_wconf 84' lang='lat' dir='ltr'>comm.</span> <span class='ocrx_word' id='word_1_501' title='bbox 1119 2230 1318 2281; x_wconf 84' lang='lat' dir='ltr'>Theophili,</span> <span class='ocrx_word' id='word_1_502' title='bbox 1339 2231 1594 2284; x_wconf 85' lang='lat' dir='ltr'>protospatharii</span> <span class='ocrx_word' id='word_1_503' title='bbox 1615 2239 1649 2273; x_wconf 87' lang='lat' dir='ltr'>in</span> <span class='ocrx_word' id='word_1_504' title='bbox 1672 2239 1837 2289; x_wconf 84' lang='lat' dir='ltr'>Hippocr.</span> 
     </span>
     <span class='ocr_line' id='line_1_41' title="bbox 191 2277 1169 2331; baseline 0.001 -14"><span class='ocrx_word' id='word_1_505' title='bbox 191 2279 402 2331; x_wconf 71' lang='lat' dir='ltr'>aphorismos</span> <span class='ocrx_word' id='word_1_506' title='bbox 423 2277 546 2315; x_wconf 80' lang='lat' dir='ltr'>exstant</span> <span class='ocrx_word' id='word_1_507' title='bbox 571 2282 606 2315; x_wconf 87' lang='lat' dir='ltr'>in</span> <span class='ocrx_word' id='word_1_508' title='bbox 629 2280 703 2317; x_wconf 86' lang='lat' dir='ltr'>bibl.</span> <span class='ocrx_word' id='word_1_509' title='bbox 727 2281 819 2331; x_wconf 87' lang='lat' dir='ltr'>publ.</span> <span class='ocrx_word' id='word_1_510' title='bbox 842 2279 934 2317; x_wconf 87' lang='lat' dir='ltr'>Paris.</span> <span class='ocrx_word' id='word_1_511' title='bbox 956 2290 1018 2319; x_wconf 88' lang='lat' dir='ltr'>etc.</span> <span class='ocrx_word' id='word_1_512' title='bbox 1070 2282 1169 2318; x_wconf 78' lang='lat' dir='ltr'>Harl.</span> 
     </span>
    </p>
   </div>
   <div class='ocr_carea' id='block_1_7' title="bbox 92 2365 1841 2530">
    <p class='ocr_par' dir='ltr' id='par_1_8' title="bbox 92 2365 1841 2530">
     <span class='ocr_line' id='line_1_42' title="bbox 92 2365 1837 2422; baseline 0.006 -19"><span class='ocrx_word' id='word_1_513' title='bbox 92 2377 123 2413; x_wconf 68' lang='lat'>⁸.</span> <span class='ocrx_word' id='word_1_514' title='bbox 151 2365 386 2416; x_wconf 86' lang='lat' dir='ltr'>Theophilus,</span> <span class='ocrx_word' id='word_1_515' title='bbox 413 2366 466 2401; x_wconf 82' lang='lat' dir='ltr'>cui</span> <span class='ocrx_word' id='word_1_516' title='bbox 490 2365 700 2414; x_wconf 84' lang='lat' dir='ltr'>Hippolytus</span> <span class='ocrx_word' id='word_1_517' title='bbox 729 2365 853 2403; x_wconf 89' lang='lat' dir='ltr'>dicauit</span> <span class='ocrx_word' id='word_1_518' title='bbox 883 2367 1004 2404; x_wconf 86' lang='lat' dir='ltr'>librum</span> <span class='ocrx_word' id='word_1_519' title='bbox 1034 2366 1075 2404; x_wconf 88' lang='lat' dir='ltr'>de</span> <span class='ocrx_word' id='word_1_520' title='bbox 1106 2369 1327 2413; x_wconf 77' lang='lat' dir='ltr'>Antichristo,</span> <span class='ocrx_word' id='word_1_521' title='bbox 1363 2374 1532 2422; x_wconf 87' lang='lat' dir='ltr'>aMarqu.</span> <span class='ocrx_word' id='word_1_522' title='bbox 1567 2374 1680 2412; x_wconf 78' lang='lat' dir='ltr'>Gudio</span> <span class='ocrx_word' id='word_1_523' title='bbox 1710 2375 1837 2414; x_wconf 70' lang='lat' dir='ltr'>editum</span> 
     </span>
     <span class='ocr_line' id='line_1_43' title="bbox 198 2416 1841 2530; baseline 0.005 -75"><span class='ocrx_word' id='word_1_524' title='bbox 198 2421 299 2459; x_wconf 77' lang='lat' dir='ltr'>Fabr,</span> <span class='ocrx_word' id='word_1_525' title='bbox 325 2420 415 2456; x_wconf 88' lang='lat' dir='ltr'>Cum</span> <span class='ocrx_word' id='word_1_526' title='bbox 431 2419 498 2455; x_wconf 89' lang='lat' dir='ltr'>hoc</span> <span class='ocrx_word' id='word_1_527' title='bbox 514 2416 605 2454; x_wconf 82' lang='lat' dir='ltr'>idem</span> <span class='ocrx_word' id='word_1_528' title='bbox 621 2416 708 2470; x_wconf 76' lang='lat' dir='ltr'>sorte</span> <span class='ocrx_word' id='word_1_529' title='bbox 727 2418 899 2472; x_wconf 67' lang='grc' dir='ltr'>Κςοὶτιςος</span> <span class='ocrx_word' id='word_1_530' title='bbox 914 2417 1107 2489; x_wconf 43' lang='grc' dir='ltr'>Θεὲφιρος,</span> <span class='ocrx_word' id='word_1_531' title='bbox 1134 2435 1241 2511; x_wconf 54' lang='grc' dir='ltr'>εμὸειιὲἱ</span> <span class='ocrx_word' id='word_1_532' title='bbox 1251 2422 1438 2473; x_wconf 82' lang='lat' dir='ltr'>adloquitur</span> <span class='ocrx_word' id='word_1_533' title='bbox 1449 2427 1636 2463; x_wconf 66' lang='lat' dir='ltr'>Metlzodim</span> <span class='ocrx_word' id='word_1_534' title='bbox 1653 2437 1744 2530; x_wconf 50' lang='lat' dir='ltr'>‹2inqu</span> <span class='ocrx_word' id='word_1_535' title='bbox 1748 2432 1841 2518; x_wconf 42' lang='lat'>¹5:513}</span> 
     </span>
    </p>
   </div>
  </div>
 </body>
</html>
