2109 2761
708 164 938 202 ontooitu
962 165 1068 202 Naz.
1105 168 1304 205 conteras
1506 171 1579 206 Lib.
1592 171 1635 208 V.
1647 174 1747 210 mx.
1803 186 1861 220 391

107 264 142 296 in
157 260 276 311 quibua
293 258 501 310 potissimum
516 258 625 297 insunt
640 270 735 296 oratt.
753 271 853 310 atque
869 261 1028 309 epistolae
1041 264 1196 313 Gregorii
1213 265 1295 300 Naz.
1314 262 1541 302 custodiantur
1556 270 1590 302 in
1608 267 1684 303 bibl.
1696 269 1854 315 Escoriai'.

106 311 289 365 cognosces
309 326 350 349 ex
368 314 484 350 Plan-i
500 315 572 348 itin.
590 326 649 362 per
666 310 761 361 Hisp.
781 326 856 364 pag.
876 325 940 357 ηπ,

272 419 429 467 Μωᾳιιαε
444 421 479 453 in
497 416 577 452 bibl.
596 414 716 462 synod.
737 416 881 454 docente
896 419 936 454 cl.
954 419 1116 454 Asattlmci
1142 422 1174 455 in
1189 421 1315 458 Notitia
1331 421 1431 458 codd.
1449 425 1564 474 Mosq.
1580 426 1717 474 pag.·16.
1743 437 1852 460 excer-

103 482 156 523 pta
180 475 213 508 in
229 470 306 507 cod.
325 473 378 507 Xl.
401 473 458 519 qui
475 472 625 505 continet
644 473 814 506 variorum
834 468 1084 507 adhortationes
1111 483 1208 522 atque
1232 478 1445 510 narrationes.
1473 496 1522 502 —
1550 489 1623 524 pag.
1647 489 1677 519 4.
1702 479 1856 525 inprimis

103 538 175 575 pag.
192 530 222 564 8.
239 521 283 572 sq.
303 526 335 558 in
352 521 428 558 cod.
444 525 485 557 V.
501 523 600 570 Greg.
614 524 695 558 Naz.
714 525 778 557 vita
792 532 823 558 ct
840 524 928 559 XVI.
945 534 1041 559 oratt.
1065 545 1117 550 —
1145 537 1218 573 pag.
1240 538 1285 560 21.
1303 523 1490 575 fragmenta
1504 542 1544 563 ex
1563 529 1664 563 tribus
1683 532 1851 563 orationn.

103 583 137 614 in
155 576 232 614 cod.
256 577 347 611 X111.
373 595 423 601 —-
450 587 524 624 pag.
546 585 600 618 29.
624 577 657 610 in
675 577 796 611 catenis
818 584 949 624 patrum
971 578 1006 610 in
1025 575 1168 612 Genesin
1189 588 1287 627 atque
1304 576 1475 620 Exodum,
1504 583 1539 614 in
1558 579 1633 614 cod.
1656 582 1772 615 XXIX.
1802 599 1852 605 —

98 643 176 679 pag.
202 630 251 672 36.
275 631 310 663 in
333 625 409 662 cod.
427 629 528 663 XXV.
553 624 620 662 siue
641 637 702 662 cat.
723 638 854 676 patrum
874 631 908 663 in
923 626 1052 663 Esaiam
1074 625 1231 676 fragium.
1249 642 1288 664 ex
1306 633 1456 679 quinque
1473 641 1570 666 oratt.
1625 628 1689 666 Sed
1717 634 1748 666 in
1775 629 1850 665 bibl.
1920 664 1921 667 ,

99 676 295 730 Mosquens.
320 678 437 725 synod.
462 678 571 714 multo
595 679 706 728 plures
730 677 891 729 superesse
912 678 1064 721 codices,
1093 679 1248 716 discimus
1273 696 1312 717 cx
1339 683 1512 733 Athanasii
1535 685 1687 719 Schiadac
1709 683 1850 730 catalog.

100 733 200 770 codd.
222 746 271 782 gr.
289 742 350 767 etc.
373 745 445 782 pag.
469 737 519 770 28.
547 745 595 767 nr.
611 734 650 767 Χ.
680 751 726 758 --
756 744 830 781 pag.
852 743 905 774 30.
926 746 977 768 ni.
996 735 1084 769 XIV.
1107 731 1274 769 sermones
1299 737 1388 770 XVI.
1411 748 1488 770 cum
1505 738 1640 772 Nicctae
1660 738 1852 783 interpreta-

101 789 211 824 tione;
241 794 271 820 et
296 797 327 832 p.
345 795 391 827 3¹-
419 803 466 810 -
495 795 570 831 pag.
590 795 636 827 33.
653 781 698 833 sq.
718 797 847 820 nouem
867 782 967 819 codd.
989 783 1220 826 adducuntur,
1250 799 1397 836 quorum
1422 797 1484 823 tres
1507 791 1681 823 continent
1701 797 1795 822 oratt.
1813 788 1849 822 L.

99 849 154 874 aut
170 839 221 872 LI.
243 838 382 872 nutLll.
406 835 460 871 alii
481 838 669 883 pauciores:
698 838 732 871 in
754 834 902 884 quodam
922 835 966 871 est
982 838 1139 887 Gregorii
1163 837 1403 873 testamentum.
1461 840 1573 875 Plures
1591 849 1687 875 oiatt.
1709 851 1784 887 pag.
1800 843 1850 882 38.

97 904 174 941 pag.
191 900 245 932 44.
269 899 331 923 tres
347 885 449 922 codd.
471 899 619 937 quorum
637 889 765 935 primus
788 887 885 922 habet
907 897 1003 923 oratr.
1033 902 1110 924 cum
1127 888 1260 924 scholiis
1276 888 1514 940 archicpiscopi
1531 892 1691 942 Seriensts,
1717 895 1774 933 (an
1794 892 1852 925 Ni-

98 952 186 978 cetae
197 944 228 980 ἲ)
255 942 368 974 testim
383 942 539 974 carmina·
566 957 618 964 —
645 951 721 988 pag·
737 950 786 984 45.
814 957 866 966 -··
891 952 968 989 pag.
984 951 1037 984 47.
1056 941 1110 976 vbi
1127 944 1246 977 citatur
1261 942 1418 978 collectio
1434 956 1474 978 ex
1490 944 1580 980 libris
1594 945 1751 992 Origenis
1767 939 1852 977 faeta

96 1007 114 1028 a
128 991 248 1028 Basilio
273 1001 306 1026 et
327 992 497 1039 Gregorio
515 992 675 1027 Nazianz.
697 989 842 1042 denique
862 1003 940 1041 pag.
958 994 1014 1028 60.
1031 995 1188 1042 Gregorii
1216 992 1363 1044 dialogi,
1390 998 1499 1032 variae
1519 995 1745 1046 quaestiones,
1774 991 1849 1032 add.

96 1041 183 1081 infra
202 1041 246 1079 de
263 1042 342 1079 edit.
359 1044 525 1078 Matthaei
543 1040 662 1078 adlata.
1650 1065 1658 1072 .

262 1148 313 1182 Ex
331 1145 575 1192 Alonffauconii
592 1144 795 1184 bibliotheca
814 1147 1042 1186 bibliothecar.
1057 1149 1153 1184 MSS.
1172 1151 1345 1186 innumera
1363 1163 1467 1200 paene
1476 1153 1579 1199 copia
1597 1148 1699 1187 codd.
1719 1153 1776 1201 qui
1798 1163 1851 1186 va-

95 1204 143 1237 ria
160 1201 227 1236 Gre
255 1200 318 1234 orii
336 1195 508 1245 opuscula,
535 1211 626 1232 nunc
640 1197 749 1246 plura,
778 1212 867 1234 nunc
882 1203 1052 1248 pauciora,
1079 1201 1385 1249 comprehendunt,
1414 1201 1529 1251 colligi
1544 1203 1673 1251 potess3
1702 1201 1756 1238 sed
1773 1205 1849 1252 quia

92 1251 135 1288 de
157 1249 223 1286 cod
250 1277 259 1285 .
279 1247 443 1297 Parifiens
461 1248 663 1284 Florentinis
682 1250 820 1300 aliisque
837 1253 904 1285 iam
921 1254 1074 1300 egimus,
1101 1262 1133 1287 et
1153 1262 1282 1302 tempus
1307 1267 1370 1290 nos
1392 1252 1573 1295 admonet,
1601 1264 1636 1289 vt
1656 1253 1848 1290 claudamus

92 1301 239 1347 riuulos,
268 1303 302 1336 in
317 1299 564 1350 nonnullorum
583 1310 712 1337 tantum
730 1305 1059 1339 commemoratione
1073 1303 1327 1353 acquiescemus.
1385 1308 1505 1342 Romae
1520 1309 1623 1357 igitur
1639 1310 1672 1342 in
1687 1309 1846 1341 Vaticana

91 1354 172 1390 bibl.
188 1352 293 1388 multa
314 1350 390 1388 sunt
403 1354 560 1400 Gregorii
579 1365 699 1400 opera„
728 1356 769 1398 (1.
787 1367 863 1404 pag.
884 1365 926 1397 13-
944 1365 995 1398 27.
1011 1357 1050 1394 C.
1067 1358 1108 1392 D.
1127 1367 1178 1399 32.
1194 1360 1243 1403 65.
1261 1368 1294 1393 et
1312 1371 1428 1406 graeca
1451 1367 1483 1392 et
1503 1357 1665 1406 quaedam
1681 1371 1698 1393 a
1715 1357 1846 1394 Rufino

91 1405 193 1447 versa,
223 1408 302 1440 item
323 1414 508 1440 comment.
527 1417 577 1453 gr.
595 1408 629 1440 in
646 1414 743 1441 oratt.
765 1415 798 1441 et
817 1407 1012 1442 inueetiuas.
1028 1421 1060 1456 p.
1074 1414 1129 1452 98.
1144 1410 1185 1444 C.
1214 1429 1263 1435 —
1289 1408 1368 1445 ibid.
1385 1413 1418 1445 in
1435 1409 1514 1445 bibl.
1530 1412 1694 1460 Shfimm,
1723 1424 1755 1459 p.
1774 1415 1844 1453 178.

92 1461 136 1496 D.
152 1468 183 1493 et
199 1469 270 1501 179·
288 1457 324 1491 B.
348 1475 399 1483 -
427 1458 462 1491 in
480 1455 557 1494 bibl.
573 1457 729 1494 ottobon.
750 1470 783 1506 p.
804 1464 871 1502 183.
887 1461 928 1493 C.
944 1459 983 1492 A.
1004 1464 1073 1502 184.
1096 1473 1146 1496 nr.
1164 1467 1194 1500 8.
1217 1472 1248 1496 et
1265 1473 1315 1496 10.
1337 1471 1369 1497 et
1389 1464 1427 1498 A.
1456 1481 1502 1486 —
1533 1464 1569 1497 in
1594 1462 1672 1497 bibl.
1691 1462 1845 1510 Chiggia,

91 1519 191 1548 oratt.
205 1507 364 1558 epistolae
385 1517 419 1543 et
439 1510 584 1542 carmina
607 1508 736 1558 aliaque
756 1523 831 1559 pag.
849 1521 916 1554 175.
935 1512 975 1545 C.
1005 1530 1052 1536 ——
1079 1513 1113 1546 i'n
1132 1512 1208 1548 bibl.
1225 1523 1358 1562 patrum
1381 1514 1412 1552 S,
1430 1511 1557 1554 Basilii,
1587 1527 1618 1562 p.
1637 1518 1708 1558 195.
1724 1515 1767 1549 D.
1795 1532 1844 1540 —

91 1560 234 1599 monast.
251 1561 283 1598 S.
297 1560 476 1595 saluatoris
490 1559 684 1596 Basilianor.
697 1573 732 1610 p.
749 1567 820 1607 198.
834 1564 869 1598 B.
885 1581 936 1589 --
963 1563 1153 1599 Florentiae
1167 1566 1201 1599 in
1216 1563 1422 1600 monasterio
1440 1563 1645 1601 Benedietin.
1659 1568 1692 1601 Β.
1703 1567 1844 1606 Mariae,

91 1629 124 1665 Ρ.
143 1625 215 1658 4¹4·
232 1615 272 1648 C.
290 1614 334 1648 D.
362 1631 413 1638 —
442 1611 575 1658 Cesenae
588 1625 619 1661 p.
637 1623 705 1656 433.
723 1615 760 1647 A.
786 1632 836 1640 —
863 1615 1004 1651 Patauii
1020 1617 1054 1650 in
1071 1614 1148 1651 bibl.
1168 1617 1242 1651 Stae
1258 1616 1410 1657 Iustinae,
1435 1629 1510 1666 pag.
1529 1619 1607 1660 486.
1625 1619 1666 1652 C.
1695 1636 1743 1643 —
1772 1619 1844 1654 Mc-

91 1668 223 1706 diolani,
250 1675 328 1713 pag.
350 1675 426 1709 497.
442 1665 486 1700 D.
501 1665 538 1699 E.
563 1674 594 1699 et
617 1676 680 1710 515.
698 1667 736 1700 E.
764 1675 795 1700 et
817 1671 887 1711 528.
903 1669 937 1702 B.
963 1680 1000 1701 ac
1013 1668 1152 1702 Nicetae
1174 1665 1313 1708 scholia.
1344 1667 1423 1703 ibid.
1441 1670 1482 1704 C.
1508 1688 1559 1696 —-
1586 1670 1739 1720 Bffleae.
1767 1682 1844 1718 pag,

90 1722 156 1757 611,
177 1728 208 1752 et
225 1719 294 1751 612.
318 1735 369 1743 ·—
393 1717 539 1752 Ltma'ini
563 1719 594 1751 in
617 1716 695 1752 bibl.
716 1720 824 1767 regia,
850 1731 928 1768 pag.
947 1720 1022 1761 632.
1041 1718 1073 1751 B.
1103 1738 1154 1745 —-
1180 1722 1216 1754 in
1237 1719 1316 1755 bibl.
1331 1719 1521 1766 Sfortian'a,
1551 1733 1584 1769 p.
1600 1724 1680 1766 694.
1699 1718 1744 1769 sq.
1763 1722 1841 1765 696.

90 1773 165 1816 697,
183 1772 260 1814 698,
276 1771 355 1814 699.
371 1780 449 1812 703.
465 1779 541 1811 704.
556 1769 595 1804 C.
615 1771 694 1811 706.
712 1771 750 1805 E.
768 1781 845 1813 707.
861 1772 895 1806 B.
923 1791 975 1798 —-
999 1773 1035 1805 in
1055 1770 1131 1806 bibl.
1150 1771 1297 1806 abbatiae
1313 1773 1345 1807 S.
1362 1774 1449 1807 Petri
1463 1773 1501 1808 de
1517 1774 1704 1814 Selinunte,
1733 1771 1841 1808 dioec.

90 1822 245 1859 Ambian.
261 1833 337 1870 pag.
354 1826 441 1866 1198.
459 1821 502 1856 D.
520 1822 558 1858 E.
585 1841 638 1847 —
664 1824 700 1856 in
719 1821 796 1857 bibl.
815 1823 882 1858 SSt.
901 1824 1008 1871 Sergii
1026 1831 1058 1858 et
1070 1824 1200 1862 Bacchi,
1227 1836 1261 1872 p.
1279 1829 1365 1864 1218.
1381 1826 1421 1860 C.
1451 1844 1498 1850 --
1528 1827 1563 1860 in
1581 1824 1659 1864 bibl.
1677 1826 1708 1860 S.
1725 1825 1841 1861 Albini

89 1871 330 1922 Andagauims.
348 1886 380 1921 p.
398 1883 485 1918 1225.
500 1874 535 1908 B.
550 1874 591 1908 C.
617 1893 666 1899 —
695 1876 732 1908 in
750 1873 828 1909 bibl.
847 1874 952 1910 abbat.
969 1876 1002 1910 S.
1025 1874 1212 1910 Headui-ici
1227 1888 1335 1924 prope
1352 1877 1492 1917 Remos,
1518 1889 1550 1924 p.
1569 1878 1707 1921 1231.,E.
1733 1895 1777 1903 —
1805 1878 1841 1911 in

87 1926 165 1962 bibl.
184 1923 362 1960 monastS
377 1926 702 1974 J11a1²tiriisagieiifis,
725 1939 758 1975 p.
772 1937 864 1970 1249.
877 1927 915 1961 E.
933 1929 969 1964 A.
998 1946 1038 1952 —
1077 1926 1154 1962 Alia
1165 1929 1207 1967 ei,
1237 1929 1291 1962 cui
1307 1938 1392 1976 opus
1408 1937 1463 1963 aut
1479 1929 1604 1977 volupe
1620 1930 1693 1968 erit,
1721 1925 1838 1977 suppe-

85 1976 202 2013 ditabit
226 1974 326 2011 index
350 1974 393 2011 ad
416 1976 509 2012 illam
533 1969 784 2013 bibliothecam.
809 1997 863 2004 -—-
913 1981 1082 2014 Praeterea
1111 1981 1144 2013 in
1172 1979 1249 2014 bibl.
1277 1980 1368 2028 publ.
1392 1979 1504 2026 Paris:
1533 1977 1716 2016 secundum
1745 1979 1836 2015 catal.

87 2039 167 2066 tom.
187 2032 200 2064 1
230 2027 302 2064 sunt
318 2030 352 2063 in
367 2026 467 2064 codd.
485 2027 650 2064 versiones
669 2030 864 2066 orientales:
892 2029 926 2074 ι)
941 2032 1061 2076 emptica
1079 2029 1304 2079 quaesitorum
1315 2041 1347 2067 et
1364 2029 1601 2081 responsorum
1611 2031 1652 2067 de
1668 2033 1774 2073 rebus,
1793 2030 1837 2066 ad

85 2081 296 2130 theologiam
315 2080 574 2128 pertinentibus,
602 2094 752 2130 quorum
771 2083 924 2117 auctores
943 2079 1095 2118 feruntur
1109 2079 1242 2118 Basilius
1264 2092 1296 2118 et
1313 2086 1456 2133 Gregor.
1475 2084 1556 2118 Naz.
1575 2097 1650 2131 pag.
1668 2094 1742 2128 450.
1759 2081 1837 2118 cod.

83 2133 186 2170 XL11.
217 2138 252 2172 2)
266 2133 394 2167 arabica
409 2142 504 2166 oratt.
516 2134 634 2168 XXIX.
646 2142 678 2168 et
686 2134 855 2184 Gregorii,
875 2134 1071 2182 presbyteri,
1092 2137 1253 2169 orationis
1269 2137 1304 2170 in
1321 2134 1456 2170 laudem
1466 2136 1566 2183 Greg.
1584 2137 1664 2169 Naz.
1685 2148 1716 2183 p.
1734 2136 1768 2168 61
1790 2132 1835 2184 sq.

84 2183 160 2222 eod.
176 2187 262 2221 LXI.
290 2203 338 2209 ——
368 2183 526 2219 homiliae
550 2183 592 2219 de
604 2184 727 2220 Chn'ssi
751 2189 948 2230 tentatione,
972 2199 1047 2235 pag.
1063 2188 1116 2221 62.
1136 2184 1214 2221 cod.
1231 2187 1351 2222 CXVI.
1367 2184 1586 2235 quarumdam
1605 2185 1837 2222 homiliarum.

82 2251 157 2287 pag.
174 2248 244 2280 107.
264 2233 341 2272 cod.
360 2237 509 2272 LXXIII.
529 2245 562 2270 et
581 2249 612 2284 p.
631 2242 704 2276 108.
727 2236 802 2274 cod.
821 2239 969 2274 LXXVI.
995 2259 1046 2266 —-
1074 2235 1297 2279 catecheseos.
1325 2237 1444 2274 ordine
1467 2237 1677 2286 alphabetico
1695 2236 1833 2286 disposi-

82 2300 140 2324 tae.
173 2301 256 2336 quae
266 2288 435 2337 Gregorii,
466 2289 630 2336 Theologi,
648 2300 775 2325 nomen
792 2288 994 2338 praesefert.
1025 2310 1064 2316 —
1097 2295 1131 2334 3)
1148 2292 1306 2324 armen-ica
1322 2303 1476 2339 operum.
1491 2302 1522 2338 p,
1540 2292 1590 2324 62.
1611 2288 1782 2326 cod.LIX.
1799 2299 1833 2325 et

81 2343 116 2376 in
130 2338 206 2376 cod.
223 2341 345 2376 L‘Xm.
359 2343 469 2388 operis
485 2342 719 2383 commentitii,
746 2354 815 2391 quo
831 2340 1008 2390 respondet
1025 2344 1168 2391 Gregor.
1188 2345 1281 2377 variis
1300 2341 1566 2393 quaestionibus,
1596 2340 1655 2390 ipsi
1677 2356 1694 2377 a
1709 2340 1831 2377 Basilio

0 2395 2 2440 i
30 2383 39 2387 ³
78 2390 272 2443 propositis,
302 2389 342 2427 de
355 2394 447 2442 igne7
463 2402 561 2435 terra⁷
588 2387 742 2430 vniuerso
757 2403 788 2429 et
801 2391 881 2430 sole.
908 2413 959 2422 -—-
989 2396 1029 2432 In
1047 2395 1200 2431 biblioth.
1216 2393 1306 2430 acad.
1324 2395 1525 2445 Eae‘langergfi
1535 2393 1580 2429 est
1595 2394 1672 2430 cod.
1687 2394 1827 2452 membr:

1771 2456 1829 2484 qui
