<?xml version="1.0" encoding="UTF-8"?>
<!DOCTYPE html PUBLIC "-//W3C//DTD XHTML 1.0 Transitional//EN"
    "http://www.w3.org/TR/xhtml1/DTD/xhtml1-transitional.dtd">
<html xmlns="http://www.w3.org/1999/xhtml" xml:lang="en" lang="en">
 <head>
  <title>
</title>
<meta http-equiv="Content-Type" content="text/html;charset=utf-8" />
  <meta name='ocr-system' content='tesseract 3.04.00' />
  <meta name='ocr-capabilities' content='ocr_page ocr_carea ocr_par ocr_line ocrx_word'/>
</head>
<body>
  <div class='ocr_page' id='page_1' title='image "./bibliothecagraec07fabruoft_0045.png"; bbox 0 0 2184 2761; ppageno 0'>
   <div class='ocr_carea' id='block_1_1' title="bbox 209 108 1834 275">
    <p class='ocr_par' dir='ltr' id='par_1_1' title="bbox 209 108 1834 275">
     <span class='ocr_line' id='line_1_1' title="bbox 650 108 1834 171; baseline -0.003 -8"><span class='ocrx_word' id='word_1_1' title='bbox 650 127 850 164; x_wconf 61' lang='lat' dir='ltr'>mosrsn</span> <span class='ocrx_word' id='word_1_2' title='bbox 879 127 1038 163; x_wconf 54' lang='lat' dir='ltr'>aanor.</span> <span class='ocrx_word' id='word_1_3' title='bbox 1071 108 1280 163; x_wconf 69' lang='lat' dir='ltr'>coniers,</span> <span class='ocrx_word' id='word_1_4' title='bbox 1468 125 1539 160; x_wconf 63' lang='lat' dir='ltr'>La,</span> <span class='ocrx_word' id='word_1_5' title='bbox 1562 124 1608 160; x_wconf 72' lang='lat' dir='ltr'>V.</span> <span class='ocrx_word' id='word_1_6' title='bbox 1636 137 1657 159; x_wconf 67' lang='lat' dir='ltr'>c,</span> <span class='ocrx_word' id='word_1_7' title='bbox 1678 124 1706 159; x_wconf 82' lang='lat' dir='ltr'>J.</span> <span class='ocrx_word' id='word_1_8' title='bbox 1792 136 1834 171; x_wconf 73' lang='grc' dir='ltr'>ις</span> 
     </span>
     <span class='ocr_line' id='line_1_2' title="bbox 209 221 1834 275; baseline -0.002 -15"><span class='ocrx_word' id='word_1_9' title='bbox 209 225 330 261; x_wconf 70' lang='lat' dir='ltr'>Romae</span> <span class='ocrx_word' id='word_1_10' title='bbox 346 221 419 261; x_wconf 90' lang='lat' dir='ltr'>sunt</span> <span class='ocrx_word' id='word_1_11' title='bbox 433 223 626 275; x_wconf 78' lang='lat' dir='ltr'>opp.Dion.</span> <span class='ocrx_word' id='word_1_12' title='bbox 647 226 679 259; x_wconf 90' lang='lat' dir='ltr'>in</span> <span class='ocrx_word' id='word_1_13' title='bbox 695 224 864 270; x_wconf 70' lang='lat' dir='ltr'>Sforticma</span> <span class='ocrx_word' id='word_1_14' title='bbox 880 223 955 258; x_wconf 74' lang='lat' dir='ltr'>bibl.</span> <span class='ocrx_word' id='word_1_15' title='bbox 970 223 1186 259; x_wconf 59' lang='lat' dir='ltr'>mlxxxiv.</span> <span class='ocrx_word' id='word_1_16' title='bbox 1201 222 1361 256; x_wconf 53' lang='lat' dir='ltr'>[xxxv.</span> <span class='ocrx_word' id='word_1_17' title='bbox 1375 221 1595 257; x_wconf 53' lang='lat' dir='ltr'>wixxxw.</span> <span class='ocrx_word' id='word_1_18' title='bbox 1616 233 1692 256; x_wconf 88' lang='lat' dir='ltr'>cum</span> <span class='ocrx_word' id='word_1_19' title='bbox 1709 233 1834 256; x_wconf 85' lang='lat' dir='ltr'>comm.</span> 
     </span>
    </p>
   </div>
   <div class='ocr_carea' id='block_1_2' title="bbox 76 258 1834 381">
    <p class='ocr_par' dir='ltr' id='par_1_2' title="bbox 76 258 1834 381">
     <span class='ocr_line' id='line_1_3' title="bbox 78 258 1834 321; baseline -0.005 -7"><span class='ocrx_word' id='word_1_20' title='bbox 78 258 227 314; x_wconf 61' lang='lat' dir='ltr'>hsaximi</span> <span class='ocrx_word' id='word_1_21' title='bbox 255 279 432 316; x_wconf 86' lang='lat' dir='ltr'>monachi,</span> <span class='ocrx_word' id='word_1_22' title='bbox 468 290 497 313; x_wconf 76' lang='lat' dir='ltr'>et</span> <span class='ocrx_word' id='word_1_23' title='bbox 524 279 556 311; x_wconf 88' lang='lat' dir='ltr'>in</span> <span class='ocrx_word' id='word_1_24' title='bbox 585 277 698 312; x_wconf 70' lang='lat' dir='ltr'>Varie.</span> <span class='ocrx_word' id='word_1_25' title='bbox 723 290 761 312; x_wconf 81' lang='lat' dir='ltr'>cx</span> <span class='ocrx_word' id='word_1_26' title='bbox 789 279 895 312; x_wconf 79' lang='lat' dir='ltr'>insstis</span> <span class='ocrx_word' id='word_1_27' title='bbox 922 274 1073 311; x_wconf 68' lang='lat' dir='ltr'>Heidelb.</span> <span class='ocrx_word' id='word_1_28' title='bbox 1099 276 1285 321; x_wconf 55' lang='lat' dir='ltr'>rrxxxm.</span> <span class='ocrx_word' id='word_1_29' title='bbox 1309 275 1504 310; x_wconf 65' lang='lat' dir='ltr'>cccxxiii.</span> <span class='ocrx_word' id='word_1_30' title='bbox 1532 294 1582 300; x_wconf 93' lang='lat'>—-</span> <span class='ocrx_word' id='word_1_31' title='bbox 1608 283 1676 308; x_wconf 89' lang='lat' dir='ltr'>tum</span> <span class='ocrx_word' id='word_1_32' title='bbox 1706 274 1737 307; x_wconf 88' lang='lat' dir='ltr'>in</span> <span class='ocrx_word' id='word_1_33' title='bbox 1761 272 1834 311; x_wconf 83' lang='lat' dir='ltr'>bibl,</span> 
     </span>
     <span class='ocr_line' id='line_1_4' title="bbox 76 324 1833 381; baseline -0.004 -16"><span class='ocrx_word' id='word_1_34' title='bbox 76 329 270 381; x_wconf 70' lang='lat' dir='ltr'>Meſjhnenli&#39;</span> <span class='ocrx_word' id='word_1_35' title='bbox 284 329 371 380; x_wconf 78' lang='lat' dir='ltr'>apud</span> <span class='ocrx_word' id='word_1_36' title='bbox 388 329 513 365; x_wconf 80' lang='lat' dir='ltr'>Siculos</span> <span class='ocrx_word' id='word_1_37' title='bbox 529 349 577 356; x_wconf 93' lang='lat'>--</span> <span class='ocrx_word' id='word_1_38' title='bbox 607 331 640 364; x_wconf 88' lang='lat' dir='ltr'>in</span> <span class='ocrx_word' id='word_1_39' title='bbox 657 328 732 365; x_wconf 77' lang='lat' dir='ltr'>cod.</span> <span class='ocrx_word' id='word_1_40' title='bbox 749 330 857 365; x_wconf 59' lang='lat' dir='ltr'>(hvon.</span> <span class='ocrx_word' id='word_1_41' title='bbox 876 329 949 364; x_wconf 85' lang='lat' dir='ltr'>bibl.</span> <span class='ocrx_word' id='word_1_42' title='bbox 967 342 1000 364; x_wconf 88' lang='lat' dir='ltr'>n.</span> <span class='ocrx_word' id='word_1_43' title='bbox 1014 328 1201 365; x_wconf 78' lang='lat' dir='ltr'>MDCVHI</span> <span class='ocrx_word' id='word_1_44' title='bbox 1219 337 1250 362; x_wconf 87' lang='lat' dir='ltr'>et</span> <span class='ocrx_word' id='word_1_45' title='bbox 1260 328 1467 366; x_wconf 71' lang='lat' dir='ltr'>MDCXXX.</span> <span class='ocrx_word' id='word_1_46' title='bbox 1485 329 1568 364; x_wconf 75' lang='lat' dir='ltr'>intcr</span> <span class='ocrx_word' id='word_1_47' title='bbox 1585 324 1684 361; x_wconf 87' lang='lat' dir='ltr'><strong>codd.</strong></span> <span class='ocrx_word' id='word_1_48' title='bbox 1700 324 1833 372; x_wconf 60' lang='lat' dir='ltr'>collegii</span> 
     </span>
    </p>
   </div>
   <div class='ocr_carea' id='block_1_3' title="bbox 23 377 1839 1482">
    <p class='ocr_par' dir='ltr' id='par_1_3' title="bbox 23 377 1837 847">
     <span class='ocr_line' id='line_1_5' title="bbox 78 377 1834 432; baseline -0.002 -15"><span class='ocrx_word' id='word_1_49' title='bbox 78 386 229 432; x_wconf 82' lang='lat' dir='ltr'>corporis</span> <span class='ocrx_word' id='word_1_50' title='bbox 241 383 375 425; x_wconf 73' lang='lat' dir='ltr'>Christi,</span> <span class='ocrx_word' id='word_1_51' title='bbox 397 381 473 418; x_wconf 89' lang='lat' dir='ltr'>cod.</span> <span class='ocrx_word' id='word_1_52' title='bbox 487 382 671 417; x_wconf 80' lang='lat' dir='ltr'>membran.</span> <span class='ocrx_word' id='word_1_53' title='bbox 686 384 798 418; x_wconf 66' lang='lat' dir='ltr'>cxli.</span> <span class='ocrx_word' id='word_1_54' title='bbox 819 393 848 417; x_wconf 86' lang='lat' dir='ltr'>ct</span> <span class='ocrx_word' id='word_1_55' title='bbox 864 381 1010 416; x_wconf 77' lang='lat' dir='ltr'>CLXIII.</span> <span class='ocrx_word' id='word_1_56' title='bbox 1033 380 1110 415; x_wconf 76' lang='lat' dir='ltr'>tcslc</span> <span class='ocrx_word' id='word_1_57' title='bbox 1127 380 1250 415; x_wconf 82' lang='lat' dir='ltr'>Oudin.</span> <span class='ocrx_word' id='word_1_58' title='bbox 1269 379 1288 416; x_wconf 94' lang='lat' dir='ltr'>l.</span> <span class='ocrx_word' id='word_1_59' title='bbox 1307 379 1408 415; x_wconf 85' lang='lat' dir='ltr'>c.col.</span> <span class='ocrx_word' id='word_1_60' title='bbox 1427 382 1519 422; x_wconf 79' lang='lat'>1366.</span> <span class='ocrx_word' id='word_1_61' title='bbox 1532 377 1641 428; x_wconf 89' lang='lat' dir='ltr'>sq.qui</span> <span class='ocrx_word' id='word_1_62' title='bbox 1658 377 1724 413; x_wconf 86' lang='lat' dir='ltr'>col.</span> <span class='ocrx_word' id='word_1_63' title='bbox 1742 382 1834 421; x_wconf 54' lang='lat'>1368.</span> 
     </span>
     <span class='ocr_line' id='line_1_6' title="bbox 75 427 1836 485; baseline -0.005 -13"><span class='ocrx_word' id='word_1_64' title='bbox 75 433 146 485; x_wconf 82' lang='lat' dir='ltr'>sqq.</span> <span class='ocrx_word' id='word_1_65' title='bbox 171 446 204 471; x_wconf 82' lang='lat' dir='ltr'>vt</span> <span class='ocrx_word' id='word_1_66' title='bbox 225 435 266 472; x_wconf 84' lang='lat' dir='ltr'>ad</span> <span class='ocrx_word' id='word_1_67' title='bbox 286 436 316 482; x_wconf 78' lang='lat'>§.</span> <span class='ocrx_word' id='word_1_68' title='bbox 338 437 376 471; x_wconf 89' lang='lat' dir='ltr'>V.</span> <span class='ocrx_word' id='word_1_69' title='bbox 404 437 468 469; x_wconf 80' lang='lat' dir='ltr'>iam</span> <span class='ocrx_word' id='word_1_70' title='bbox 488 434 740 475; x_wconf 74' lang='lat' dir='ltr'>adnotanirnus,</span> <span class='ocrx_word' id='word_1_71' title='bbox 767 435 895 469; x_wconf 80' lang='lat' dir='ltr'>vberius</span> <span class='ocrx_word' id='word_1_72' title='bbox 919 433 959 469; x_wconf 86' lang='lat' dir='ltr'>de</span> <span class='ocrx_word' id='word_1_73' title='bbox 977 432 1075 469; x_wconf 84' lang='lat' dir='ltr'>codd.</span> <span class='ocrx_word' id='word_1_74' title='bbox 1095 443 1192 480; x_wconf 57' lang='lat' dir='ltr'>atque</span> <span class='ocrx_word' id='word_1_75' title='bbox 1208 432 1296 468; x_wconf 87' lang='lat' dir='ltr'>editt.</span> <span class='ocrx_word' id='word_1_76' title='bbox 1316 444 1461 468; x_wconf 84' lang='lat' dir='ltr'>veterum</span> <span class='ocrx_word' id='word_1_77' title='bbox 1479 435 1716 481; x_wconf 77' lang='lat' dir='ltr'>interpretum,</span> <span class='ocrx_word' id='word_1_78' title='bbox 1743 427 1836 464; x_wconf 87' lang='lat' dir='ltr'>scho-</span> 
     </span>
     <span class='ocr_line' id='line_1_7' title="bbox 77 482 1836 536; baseline -0.004 -12"><span class='ocrx_word' id='word_1_79' title='bbox 77 487 244 524; x_wconf 71' lang='lat' dir='ltr'>hastarum</span> <span class='ocrx_word' id='word_1_80' title='bbox 267 498 365 536; x_wconf 80' lang='lat' dir='ltr'>atque</span> <span class='ocrx_word' id='word_1_81' title='bbox 383 497 695 523; x_wconf 66' lang='lat' dir='ltr'>commentatorum</span> <span class='ocrx_word' id='word_1_82' title='bbox 716 485 878 535; x_wconf 81' lang='lat' dir='ltr'>disputat:</span> <span class='ocrx_word' id='word_1_83' title='bbox 906 485 946 522; x_wconf 83' lang='lat' dir='ltr'>acl</span> <span class='ocrx_word' id='word_1_84' title='bbox 965 499 1064 534; x_wconf 85' lang='lat' dir='ltr'>quem</span> <span class='ocrx_word' id='word_1_85' title='bbox 1085 485 1235 533; x_wconf 63' lang='lat' dir='ltr'>ablegare</span> <span class='ocrx_word' id='word_1_86' title='bbox 1255 484 1393 534; x_wconf 76' lang='lat' dir='ltr'>praestat</span> <span class='ocrx_word' id='word_1_87' title='bbox 1415 484 1552 520; x_wconf 88' lang='lat' dir='ltr'>illorum</span> <span class='ocrx_word' id='word_1_88' title='bbox 1570 482 1709 533; x_wconf 81' lang='lat' dir='ltr'>cupidos</span> <span class='ocrx_word' id='word_1_89' title='bbox 1728 485 1836 518; x_wconf 79' lang='lat' dir='ltr'>curio·</span> 
     </span>
     <span class='ocr_line' id='line_1_8' title="bbox 75 534 1836 590; baseline -0.004 -13"><span class='ocrx_word' id='word_1_90' title='bbox 75 539 213 590; x_wconf 74' lang='lat' dir='ltr'>sosque‚</span> <span class='ocrx_word' id='word_1_91' title='bbox 236 552 336 590; x_wconf 74' lang='lat' dir='ltr'>quam</span> <span class='ocrx_word' id='word_1_92' title='bbox 354 550 387 576; x_wconf 88' lang='lat' dir='ltr'>vt</span> <span class='ocrx_word' id='word_1_93' title='bbox 402 543 517 576; x_wconf 90' lang='lat' dir='ltr'>omnia</span> <span class='ocrx_word' id='word_1_94' title='bbox 539 539 579 575; x_wconf 87' lang='lat' dir='ltr'>de</span> <span class='ocrx_word' id='word_1_95' title='bbox 595 543 703 576; x_wconf 83' lang='lat' dir='ltr'>charta</span> <span class='ocrx_word' id='word_1_96' title='bbox 720 542 752 575; x_wconf 91' lang='lat' dir='ltr'>in</span> <span class='ocrx_word' id='word_1_97' title='bbox 769 552 938 590; x_wconf 80' lang='lat' dir='ltr'>papyrum</span> <span class='ocrx_word' id='word_1_98' title='bbox 951 536 1213 574; x_wconf 77' lang='lat' dir='ltr'>transscribcndo</span> <span class='ocrx_word' id='word_1_99' title='bbox 1231 548 1360 585; x_wconf 85' lang='lat' dir='ltr'>tempus</span> <span class='ocrx_word' id='word_1_100' title='bbox 1383 539 1600 586; x_wconf 78' lang='lat' dir='ltr'>chartamque</span> <span class='ocrx_word' id='word_1_101' title='bbox 1620 534 1768 585; x_wconf 84' lang='lat' dir='ltr'>perdam.</span> <span class='ocrx_word' id='word_1_102' title='bbox 1785 554 1836 562; x_wconf 90' lang='lat'>--</span> 
     </span>
     <span class='ocr_line' id='line_1_9' title="bbox 77 587 1837 642; baseline -0.005 -13"><span class='ocrx_word' id='word_1_103' title='bbox 77 591 186 629; x_wconf 86' lang='lat' dir='ltr'>Codd.</span> <span class='ocrx_word' id='word_1_104' title='bbox 211 592 356 636; x_wconf 81' lang='lat' dir='ltr'>multos,</span> <span class='ocrx_word' id='word_1_105' title='bbox 385 595 442 642; x_wconf 78' lang='lat' dir='ltr'>qui</span> <span class='ocrx_word' id='word_1_106' title='bbox 469 594 644 628; x_wconf 69' lang='lat' dir='ltr'>continent</span> <span class='ocrx_word' id='word_1_107' title='bbox 665 595 832 628; x_wconf 73' lang='lat' dir='ltr'>variorum</span> <span class='ocrx_word' id='word_1_108' title='bbox 854 602 928 627; x_wconf 79' lang='lat' dir='ltr'>vett.</span> <span class='ocrx_word' id='word_1_109' title='bbox 953 590 1071 626; x_wconf 80' lang='lat' dir='ltr'>latinas</span> <span class='ocrx_word' id='word_1_110' title='bbox 1101 593 1384 640; x_wconf 74' lang='lat' dir='ltr'>interpretationes</span> <span class='ocrx_word' id='word_1_111' title='bbox 1412 593 1580 625; x_wconf 84' lang='lat' dir='ltr'>variorum</span> <span class='ocrx_word' id='word_1_112' title='bbox 1605 589 1707 624; x_wconf 82' lang='lat' dir='ltr'>Dion.</span> <span class='ocrx_word' id='word_1_113' title='bbox 1736 587 1837 624; x_wconf 80' lang='lat' dir='ltr'>libro-</span> 
     </span>
     <span class='ocr_line' id='line_1_10' title="bbox 76 641 1836 687; baseline -0.005 -6"><span class='ocrx_word' id='word_1_114' title='bbox 76 658 175 687; x_wconf 86' lang='lat' dir='ltr'>rum,</span> <span class='ocrx_word' id='word_1_115' title='bbox 200 642 347 682; x_wconf 84' lang='lat' dir='ltr'>recenset</span> <span class='ocrx_word' id='word_1_116' title='bbox 370 646 511 680; x_wconf 76' lang='lat' dir='ltr'>Bandin.</span> <span class='ocrx_word' id='word_1_117' title='bbox 528 648 562 680; x_wconf 91' lang='lat' dir='ltr'>in</span> <span class='ocrx_word' id='word_1_118' title='bbox 581 645 676 681; x_wconf 70' lang='lat' dir='ltr'>catal.</span> <span class='ocrx_word' id='word_1_119' title='bbox 693 644 792 681; x_wconf 89' lang='lat' dir='ltr'>codd.</span> <span class='ocrx_word' id='word_1_120' title='bbox 812 643 908 680; x_wconf 85' lang='lat' dir='ltr'>italic.</span> <span class='ocrx_word' id='word_1_121' title='bbox 928 643 1004 679; x_wconf 81' lang='lat' dir='ltr'>bibl.</span> <span class='ocrx_word' id='word_1_122' title='bbox 1023 642 1149 680; x_wconf 85' lang='lat' dir='ltr'>Medic.</span> <span class='ocrx_word' id='word_1_123' title='bbox 1166 645 1423 686; x_wconf 80' lang='lat' dir='ltr'>Laurentianae,</span> <span class='ocrx_word' id='word_1_124' title='bbox 1448 641 1639 678; x_wconf 84' lang='lat' dir='ltr'>Gaddianae</span> <span class='ocrx_word' id='word_1_125' title='bbox 1654 651 1685 676; x_wconf 78' lang='lat' dir='ltr'>ct</span> <span class='ocrx_word' id='word_1_126' title='bbox 1703 642 1734 674; x_wconf 88' lang='lat' dir='ltr'>S.</span> <span class='ocrx_word' id='word_1_127' title='bbox 1752 642 1836 675; x_wconf 87' lang='lat' dir='ltr'>Cru-</span> 
     </span>
     <span class='ocr_line' id='line_1_11' title="bbox 77 688 1836 746; baseline -0.004 -13"><span class='ocrx_word' id='word_1_128' title='bbox 77 700 144 741; x_wconf 77' lang='lat' dir='ltr'>cis,</span> <span class='ocrx_word' id='word_1_129' title='bbox 172 696 298 746; x_wconf 84' lang='lat' dir='ltr'>pallim.</span> <span class='ocrx_word' id='word_1_130' title='bbox 322 711 353 733; x_wconf 87' lang='lat' dir='ltr'>v.</span> <span class='ocrx_word' id='word_1_131' title='bbox 376 696 473 735; x_wconf 65' lang='lat' dir='ltr'>indic,</span> <span class='ocrx_word' id='word_1_132' title='bbox 495 700 518 734; x_wconf 90' lang='lat' dir='ltr'>l.</span> <span class='ocrx_word' id='word_1_133' title='bbox 545 700 577 731; x_wconf 84' lang='lat' dir='ltr'>in</span> <span class='ocrx_word' id='word_1_134' title='bbox 602 709 687 734; x_wconf 88' lang='lat' dir='ltr'>tom.</span> <span class='ocrx_word' id='word_1_135' title='bbox 707 699 751 733; x_wconf 78' lang='lat' dir='ltr'>V.</span> <span class='ocrx_word' id='word_1_136' title='bbox 777 697 843 734; x_wconf 91' lang='lat' dir='ltr'>col.</span> <span class='ocrx_word' id='word_1_137' title='bbox 868 709 932 742; x_wconf 73' lang='lat'>514.</span> <span class='ocrx_word' id='word_1_138' title='bbox 958 717 1009 722; x_wconf 89' lang='lat'>—</span> <span class='ocrx_word' id='word_1_139' title='bbox 1050 694 1166 732; x_wconf 80' lang='lat' dir='ltr'>Versso</span> <span class='ocrx_word' id='word_1_140' title='bbox 1190 699 1346 732; x_wconf 84' lang='lat' dir='ltr'>omnium</span> <span class='ocrx_word' id='word_1_141' title='bbox 1371 709 1451 745; x_wconf 84' lang='lat' dir='ltr'>opp.</span> <span class='ocrx_word' id='word_1_142' title='bbox 1474 696 1578 730; x_wconf 81' lang='lat' dir='ltr'>Dion.</span> <span class='ocrx_word' id='word_1_143' title='bbox 1602 695 1641 729; x_wconf 87' lang='lat' dir='ltr'>ab</span> <span class='ocrx_word' id='word_1_144' title='bbox 1668 688 1836 742; x_wconf 65' lang='lat' dir='ltr'>Ambrofio</span> 
     </span>
     <span class='ocr_line' id='line_1_12' title="bbox 23 743 1835 790; baseline -0.004 -4"><span class='ocrx_word' id='word_1_145' title='bbox 23 756 27 758; x_wconf 57' lang='lat'><em>⁷</em></span> <span class='ocrx_word' id='word_1_146' title='bbox 69 747 161 786; x_wconf 66' lang='lat' dir='ltr'>-sach</span> <span class='ocrx_word' id='word_1_147' title='bbox 178 761 210 786; x_wconf 86' lang='lat' dir='ltr'>et</span> <span class='ocrx_word' id='word_1_148' title='bbox 224 748 368 787; x_wconf 79' lang='lat' dir='ltr'>eiusdem</span> <span class='ocrx_word' id='word_1_149' title='bbox 385 749 490 786; x_wconf 72' lang='lat' dir='ltr'>versio</span> <span class='ocrx_word' id='word_1_150' title='bbox 509 750 561 785; x_wconf 88' lang='lat' dir='ltr'>lib.</span> <span class='ocrx_word' id='word_1_151' title='bbox 582 749 623 785; x_wconf 86' lang='lat' dir='ltr'>de</span> <span class='ocrx_word' id='word_1_152' title='bbox 642 750 726 789; x_wconf 73' lang='lat' dir='ltr'>coel.</span> <span class='ocrx_word' id='word_1_153' title='bbox 745 751 931 786; x_wconf 79' lang='lat' dir='ltr'>hierarchia</span> <span class='ocrx_word' id='word_1_154' title='bbox 944 751 979 784; x_wconf 86' lang='lat' dir='ltr'>in</span> <span class='ocrx_word' id='word_1_155' title='bbox 1001 747 1098 785; x_wconf 83' lang='lat' dir='ltr'>codd.</span> <span class='ocrx_word' id='word_1_156' title='bbox 1116 750 1249 785; x_wconf 80' lang='lat' dir='ltr'>Venetis</span> <span class='ocrx_word' id='word_1_157' title='bbox 1266 751 1298 784; x_wconf 79' lang='lat' dir='ltr'>S.</span> <span class='ocrx_word' id='word_1_158' title='bbox 1316 750 1424 785; x_wconf 80' lang='lat' dir='ltr'>Mich.</span> <span class='ocrx_word' id='word_1_159' title='bbox 1444 748 1622 790; x_wconf 63' lang='lat' dir='ltr'>Mitlmjelli</span> <span class='ocrx_word' id='word_1_160' title='bbox 1643 745 1720 781; x_wconf 83' lang='lat' dir='ltr'>bibl.</span> <span class='ocrx_word' id='word_1_161' title='bbox 1736 743 1835 780; x_wconf 87' lang='lat' dir='ltr'>codd.</span> 
     </span>
     <span class='ocr_line' id='line_1_13' title="bbox 76 801 843 847; baseline 0.005 -10"><span class='ocrx_word' id='word_1_162' title='bbox 76 804 98 840; x_wconf 89' lang='lat'>1.</span> <span class='ocrx_word' id='word_1_163' title='bbox 124 801 189 839; x_wconf 90' lang='lat' dir='ltr'>col.</span> <span class='ocrx_word' id='word_1_164' title='bbox 211 815 281 847; x_wconf 75' lang='lat'>3²7·</span> <span class='ocrx_word' id='word_1_165' title='bbox 839 838 843 841; x_wconf 55' lang='lat'>.</span> 
     </span>
    </p>

    <p class='ocr_par' dir='ltr' id='par_1_4' title="bbox 76 850 1838 1220">
     <span class='ocr_line' id='line_1_14' title="bbox 205 850 1837 903; baseline -0.004 -12"><span class='ocrx_word' id='word_1_166' title='bbox 205 855 396 891; x_wconf 71' lang='lat' dir='ltr'>Florentiae</span> <span class='ocrx_word' id='word_1_167' title='bbox 420 856 454 890; x_wconf 87' lang='lat' dir='ltr'>in</span> <span class='ocrx_word' id='word_1_168' title='bbox 477 853 556 890; x_wconf 82' lang='lat' dir='ltr'>bibl.</span> <span class='ocrx_word' id='word_1_169' title='bbox 579 856 673 894; x_wconf 73' lang='lat' dir='ltr'>Lam,</span> <span class='ocrx_word' id='word_1_170' title='bbox 689 852 844 891; x_wconf 83' lang='lat' dir='ltr'>Medicca</span> <span class='ocrx_word' id='word_1_171' title='bbox 869 857 903 890; x_wconf 92' lang='lat' dir='ltr'>in</span> <span class='ocrx_word' id='word_1_172' title='bbox 926 851 1000 890; x_wconf 82' lang='lat' dir='ltr'>cod.</span> <span class='ocrx_word' id='word_1_173' title='bbox 1015 854 1070 888; x_wconf 68' lang='lat' dir='ltr'>XI.</span> <span class='ocrx_word' id='word_1_174' title='bbox 1096 852 1178 903; x_wconf 84' lang='lat' dir='ltr'>plut.</span> <span class='ocrx_word' id='word_1_175' title='bbox 1198 854 1240 889; x_wconf 92' lang='lat' dir='ltr'>V.</span> <span class='ocrx_word' id='word_1_176' title='bbox 1266 851 1307 889; x_wconf 87' lang='lat' dir='ltr'>de</span> <span class='ocrx_word' id='word_1_177' title='bbox 1323 852 1456 889; x_wconf 81' lang='lat' dir='ltr'>coelesti</span> <span class='ocrx_word' id='word_1_178' title='bbox 1475 862 1507 888; x_wconf 85' lang='lat' dir='ltr'>et</span> <span class='ocrx_word' id='word_1_179' title='bbox 1522 850 1837 888; x_wconf 63' lang='lat' dir='ltr'>ecclessassicadiier-</span> 
     </span>
     <span class='ocr_line' id='line_1_15' title="bbox 76 904 1836 956; baseline -0.003 -13"><span class='ocrx_word' id='word_1_180' title='bbox 76 907 188 943; x_wconf 73' lang='lat' dir='ltr'>archia</span> <span class='ocrx_word' id='word_1_181' title='bbox 207 921 245 943; x_wconf 86' lang='lat' dir='ltr'>ac</span> <span class='ocrx_word' id='word_1_182' title='bbox 267 906 308 943; x_wconf 92' lang='lat' dir='ltr'>de</span> <span class='ocrx_word' id='word_1_183' title='bbox 327 906 449 942; x_wconf 86' lang='lat' dir='ltr'>diuinis</span> <span class='ocrx_word' id='word_1_184' title='bbox 477 907 689 954; x_wconf 71' lang='lat' dir='ltr'>nominibus,</span> <span class='ocrx_word' id='word_1_185' title='bbox 715 920 793 943; x_wconf 82' lang='lat' dir='ltr'>cum</span> <span class='ocrx_word' id='word_1_186' title='bbox 817 904 945 943; x_wconf 85' lang='lat' dir='ltr'>scholiis</span> <span class='ocrx_word' id='word_1_187' title='bbox 967 909 1112 943; x_wconf 78' lang='lat' dir='ltr'>Maximi</span> <span class='ocrx_word' id='word_1_188' title='bbox 1134 918 1230 955; x_wconf 87' lang='lat' dir='ltr'>atque</span> <span class='ocrx_word' id='word_1_189' title='bbox 1252 906 1546 956; x_wconf 67' lang='lat' dir='ltr'>epigrammatibus</span> <span class='ocrx_word' id='word_1_190' title='bbox 1565 905 1664 940; x_wconf 89' lang='lat' dir='ltr'>tribus</span> <span class='ocrx_word' id='word_1_191' title='bbox 1680 908 1713 939; x_wconf 81' lang='lat' dir='ltr'>in</span> <span class='ocrx_word' id='word_1_192' title='bbox 1733 905 1836 938; x_wconf 92' lang='lat' dir='ltr'>Dion.</span> 
     </span>
     <span class='ocr_line' id='line_1_16' title="bbox 76 957 1836 1009; baseline -0.002 -14"><span class='ocrx_word' id='word_1_193' title='bbox 76 974 95 995; x_wconf 80' lang='lat' dir='ltr'>a</span> <span class='ocrx_word' id='word_1_194' title='bbox 111 971 185 1008; x_wconf 82' lang='lat' dir='ltr'>pag.</span> <span class='ocrx_word' id='word_1_195' title='bbox 200 971 310 1006; x_wconf 82' lang='lat'><strong>23-29</strong></span> <span class='ocrx_word' id='word_1_196' title='bbox 333 959 485 996; x_wconf 66' lang='lat' dir='ltr'>adiuncta</span> <span class='ocrx_word' id='word_1_197' title='bbox 510 957 583 994; x_wconf 87' lang='lat' dir='ltr'>sunt</span> <span class='ocrx_word' id='word_1_198' title='bbox 602 958 748 1002; x_wconf 68' lang='lat' dir='ltr'>scholia,</span> <span class='ocrx_word' id='word_1_199' title='bbox 771 970 803 996; x_wconf 90' lang='lat' dir='ltr'>et</span> <span class='ocrx_word' id='word_1_200' title='bbox 830 959 1050 996; x_wconf 85' lang='lat' dir='ltr'>inscribuntur</span> <span class='ocrx_word' id='word_1_201' title='bbox 1072 957 1207 1008; x_wconf 66' lang='grc' dir='ltr'><em>σχὶλια</em></span> <span class='ocrx_word' id='word_1_202' title='bbox 1229 960 1276 998; x_wconf 65' lang='lat' dir='ltr'>ri}</span> <span class='ocrx_word' id='word_1_203' title='bbox 1300 959 1376 1009; x_wconf 60' lang='grc' dir='ltr'>περὶ</span> <span class='ocrx_word' id='word_1_204' title='bbox 1393 958 1610 1008; x_wconf 63' lang='grc' dir='ltr'><em>συμβολικῆς</em></span> <span class='ocrx_word' id='word_1_205' title='bbox 1630 957 1836 1003; x_wconf 66' lang='grc' dir='ltr'>θεολογίας,</span> 
     </span>
     <span class='ocr_line' id='line_1_17' title="bbox 76 1011 1837 1063; baseline -0.003 -16"><span class='ocrx_word' id='word_1_206' title='bbox 76 1013 119 1047; x_wconf 78' lang='lat' dir='ltr'>ad</span> <span class='ocrx_word' id='word_1_207' title='bbox 129 1012 337 1060; x_wconf 57' lang='lat' dir='ltr'>symbolicam</span> <span class='ocrx_word' id='word_1_208' title='bbox 362 1014 556 1061; x_wconf 75' lang='lat' dir='ltr'>theologiam</span> <span class='ocrx_word' id='word_1_209' title='bbox 578 1014 678 1062; x_wconf 89' lang='lat' dir='ltr'>(quae</span> <span class='ocrx_word' id='word_1_210' title='bbox 700 1026 769 1048; x_wconf 88' lang='lat' dir='ltr'>non</span> <span class='ocrx_word' id='word_1_211' title='bbox 791 1013 935 1063; x_wconf 82' lang='lat' dir='ltr'>amplius</span> <span class='ocrx_word' id='word_1_212' title='bbox 953 1012 1087 1056; x_wconf 84' lang='lat' dir='ltr'>exssat:)</span> <span class='ocrx_word' id='word_1_213' title='bbox 1116 1025 1200 1061; x_wconf 81' lang='lat' dir='ltr'>quac</span> <span class='ocrx_word' id='word_1_214' title='bbox 1224 1025 1304 1048; x_wconf 87' lang='lat' dir='ltr'>vero</span> <span class='ocrx_word' id='word_1_215' title='bbox 1326 1014 1492 1061; x_wconf 82' lang='lat' dir='ltr'>pertinent</span> <span class='ocrx_word' id='word_1_216' title='bbox 1513 1011 1553 1046; x_wconf 89' lang='lat' dir='ltr'>ad</span> <span class='ocrx_word' id='word_1_217' title='bbox 1572 1013 1701 1046; x_wconf 87' lang='lat' dir='ltr'>initium</span> <span class='ocrx_word' id='word_1_218' title='bbox 1723 1022 1794 1057; x_wconf 84' lang='lat' dir='ltr'>cap.</span> <span class='ocrx_word' id='word_1_219' title='bbox 1814 1021 1837 1042; x_wconf 91' lang='lat'>1.</span> 
     </span>
     <span class='ocr_line' id='line_1_18' title="bbox 77 1059 1834 1114; baseline -0.003 -13"><span class='ocrx_word' id='word_1_220' title='bbox 77 1067 186 1114; x_wconf 87' lang='lat' dir='ltr'>operis</span> <span class='ocrx_word' id='word_1_221' title='bbox 212 1064 253 1100; x_wconf 86' lang='lat' dir='ltr'>de</span> <span class='ocrx_word' id='word_1_222' title='bbox 275 1063 390 1102; x_wconf 86' lang='lat' dir='ltr'>eccles.</span> <span class='ocrx_word' id='word_1_223' title='bbox 413 1066 607 1101; x_wconf 73' lang='lat' dir='ltr'>hierarchia.</span> <span class='ocrx_word' id='word_1_224' title='bbox 631 1080 661 1101; x_wconf 93' lang='lat' dir='ltr'>v.</span> <span class='ocrx_word' id='word_1_225' title='bbox 688 1067 828 1102; x_wconf 78' lang='lat' dir='ltr'>Bandin.</span> <span class='ocrx_word' id='word_1_226' title='bbox 859 1076 918 1101; x_wconf 88' lang='lat' dir='ltr'>cat.</span> <span class='ocrx_word' id='word_1_227' title='bbox 944 1064 1043 1102; x_wconf 80' lang='lat' dir='ltr'>codd:</span> <span class='ocrx_word' id='word_1_228' title='bbox 1074 1067 1227 1100; x_wconf 81' lang='lat' dir='ltr'>Laurcnt.</span> <span class='ocrx_word' id='word_1_229' title='bbox 1254 1078 1303 1114; x_wconf 86' lang='lat' dir='ltr'>gr.</span> <span class='ocrx_word' id='word_1_230' title='bbox 1321 1067 1343 1101; x_wconf 87' lang='lat'>1.</span> <span class='ocrx_word' id='word_1_231' title='bbox 1377 1077 1454 1114; x_wconf 78' lang='lat' dir='ltr'>pag.</span> <span class='ocrx_word' id='word_1_232' title='bbox 1470 1077 1512 1107; x_wconf 82' lang='lat'>3¹-</span> <span class='ocrx_word' id='word_1_233' title='bbox 1539 1065 1595 1112; x_wconf 88' lang='lat' dir='ltr'>qui</span> <span class='ocrx_word' id='word_1_234' title='bbox 1624 1075 1694 1098; x_wconf 90' lang='lat' dir='ltr'>non</span> <span class='ocrx_word' id='word_1_235' title='bbox 1725 1059 1834 1096; x_wconf 87' lang='lat' dir='ltr'>solum</span> 
     </span>
     <span class='ocr_line' id='line_1_19' title="bbox 76 1111 1836 1168; baseline -0.003 -16"><span class='ocrx_word' id='word_1_236' title='bbox 76 1114 245 1165; x_wconf 67' lang='lat' dir='ltr'>:rescripsit</span> <span class='ocrx_word' id='word_1_237' title='bbox 268 1111 370 1154; x_wconf 74' lang='lat' dir='ltr'>meni.</span> <span class='ocrx_word' id='word_1_238' title='bbox 393 1121 654 1168; x_wconf 78' lang='lat' dir='ltr'>epigrammata,</span> <span class='ocrx_word' id='word_1_239' title='bbox 683 1115 736 1153; x_wconf 80' lang='lat' dir='ltr'>sed</span> <span class='ocrx_word' id='word_1_240' title='bbox 760 1121 859 1154; x_wconf 86' lang='lat' dir='ltr'>etiam</span> <span class='ocrx_word' id='word_1_241' title='bbox 882 1117 1008 1154; x_wconf 84' lang='lat' dir='ltr'>multus</span> <span class='ocrx_word' id='word_1_242' title='bbox 1031 1116 1074 1153; x_wconf 87' lang='lat' dir='ltr'>csl</span> <span class='ocrx_word' id='word_1_243' title='bbox 1099 1116 1139 1152; x_wconf 84' lang='lat' dir='ltr'>de</span> <span class='ocrx_word' id='word_1_244' title='bbox 1165 1118 1266 1153; x_wconf 90' lang='lat' dir='ltr'>Dion.</span> <span class='ocrx_word' id='word_1_245' title='bbox 1291 1119 1415 1166; x_wconf 86' lang='lat' dir='ltr'>Areop.</span> <span class='ocrx_word' id='word_1_246' title='bbox 1442 1137 1490 1143; x_wconf 97' lang='lat'>—</span> <span class='ocrx_word' id='word_1_247' title='bbox 1527 1114 1657 1162; x_wconf 24' lang='lat' dir='ltr'>&#39;Eadem</span> <span class='ocrx_word' id='word_1_248' title='bbox 1679 1111 1836 1162; x_wconf 64' lang='lat' dir='ltr'>opuscula</span> 
     </span>
     <span class='ocr_line' id='line_1_20' title="bbox 76 1166 1838 1220; baseline -0.002 -15"><span class='ocrx_word' id='word_1_249' title='bbox 76 1169 202 1205; x_wconf 74' lang='lat' dir='ltr'>exstant</span> <span class='ocrx_word' id='word_1_250' title='bbox 223 1183 301 1207; x_wconf 85' lang='lat' dir='ltr'>cum</span> <span class='ocrx_word' id='word_1_251' title='bbox 319 1173 589 1212; x_wconf 74' lang='lat' dir='ltr'>commentariis,</span> <span class='ocrx_word' id='word_1_252' title='bbox 616 1173 650 1205; x_wconf 90' lang='lat' dir='ltr'>in</span> <span class='ocrx_word' id='word_1_253' title='bbox 672 1169 745 1207; x_wconf 81' lang='lat' dir='ltr'>cod.</span> <span class='ocrx_word' id='word_1_254' title='bbox 766 1172 850 1206; x_wconf 87' lang='lat' dir='ltr'>XIII.</span> <span class='ocrx_word' id='word_1_255' title='bbox 880 1171 960 1220; x_wconf 83' lang='lat' dir='ltr'>plut.</span> <span class='ocrx_word' id='word_1_256' title='bbox 976 1171 1015 1204; x_wconf 92' lang='lat' dir='ltr'>V.</span> <span class='ocrx_word' id='word_1_257' title='bbox 1046 1169 1233 1208; x_wconf 46' lang='lat' dir='ltr'>Bamina</span> <span class='ocrx_word' id='word_1_258' title='bbox 1252 1183 1279 1205; x_wconf 94' lang='lat' dir='ltr'>c.</span> <span class='ocrx_word' id='word_1_259' title='bbox 1307 1182 1384 1218; x_wconf 63' lang='lat' dir='ltr'>pag.</span> <span class='ocrx_word' id='word_1_260' title='bbox 1401 1181 1449 1212; x_wconf 81' lang='lat'>32.</span> <span class='ocrx_word' id='word_1_261' title='bbox 1467 1166 1537 1218; x_wconf 90' lang='lat' dir='ltr'>sqq.</span> <span class='ocrx_word' id='word_1_262' title='bbox 1560 1166 1649 1203; x_wconf 86' lang='lat' dir='ltr'>haud</span> <span class='ocrx_word' id='word_1_263' title='bbox 1666 1179 1770 1216; x_wconf 87' lang='lat' dir='ltr'>pauca</span> <span class='ocrx_word' id='word_1_264' title='bbox 1785 1178 1838 1202; x_wconf 87' lang='lat' dir='ltr'>ex-</span> 
     </span>
    </p>

    <p class='ocr_par' dir='ltr' id='par_1_5' title="bbox 28 1219 1839 1482">
     <span class='ocr_line' id='line_1_21' title="bbox 57 1219 1838 1272; baseline -0.004 -13"><span class='ocrx_word' id='word_1_265' title='bbox 57 1220 195 1272; x_wconf 68' lang='lat' dir='ltr'>cerpsit</span> <span class='ocrx_word' id='word_1_266' title='bbox 217 1236 256 1258; x_wconf 89' lang='lat' dir='ltr'>ex</span> <span class='ocrx_word' id='word_1_267' title='bbox 283 1225 553 1264; x_wconf 78' lang='lat' dir='ltr'>commentariis,</span> <span class='ocrx_word' id='word_1_268' title='bbox 582 1232 614 1258; x_wconf 81' lang='lat' dir='ltr'>et</span> <span class='ocrx_word' id='word_1_269' title='bbox 635 1221 790 1270; x_wconf 85' lang='lat' dir='ltr'>copiosus</span> <span class='ocrx_word' id='word_1_270' title='bbox 812 1222 857 1258; x_wconf 83' lang='lat' dir='ltr'>ess</span> <span class='ocrx_word' id='word_1_271' title='bbox 885 1223 926 1258; x_wconf 89' lang='lat' dir='ltr'>de</span> <span class='ocrx_word' id='word_1_272' title='bbox 950 1225 1077 1258; x_wconf 87' lang='lat' dir='ltr'>horum</span> <span class='ocrx_word' id='word_1_273' title='bbox 1099 1224 1253 1264; x_wconf 66' lang='lat' dir='ltr'>auctore,</span> <span class='ocrx_word' id='word_1_274' title='bbox 1284 1219 1474 1270; x_wconf 85' lang='lat' dir='ltr'>praesertim</span> <span class='ocrx_word' id='word_1_275' title='bbox 1498 1233 1538 1255; x_wconf 78' lang='lat' dir='ltr'>ex</span> <span class='ocrx_word' id='word_1_276' title='bbox 1568 1232 1713 1270; x_wconf 82' lang='lat' dir='ltr'>quanam</span> <span class='ocrx_word' id='word_1_277' title='bbox 1740 1220 1838 1254; x_wconf 86' lang='lat' dir='ltr'>inter-</span> 
     </span>
     <span class='ocr_line' id='line_1_22' title="bbox 76 1269 1838 1325; baseline -0.002 -15"><span class='ocrx_word' id='word_1_278' title='bbox 76 1277 264 1324; x_wconf 83' lang='lat' dir='ltr'>pretatione</span> <span class='ocrx_word' id='word_1_279' title='bbox 288 1273 428 1325; x_wconf 84' lang='lat' dir='ltr'>scriptor</span> <span class='ocrx_word' id='word_1_280' title='bbox 451 1273 532 1311; x_wconf 71' lang='grc' dir='ltr'><strong>[εὶς.</strong></span> <span class='ocrx_word' id='word_1_281' title='bbox 553 1277 623 1312; x_wconf 79' lang='lat' dir='ltr'>XV.</span> <span class='ocrx_word' id='word_1_282' title='bbox 646 1278 722 1310; x_wconf 91' lang='lat' dir='ltr'>circ.</span> <span class='ocrx_word' id='word_1_283' title='bbox 754 1275 955 1325; x_wconf 80' lang='lat' dir='ltr'>suppleuerit</span> <span class='ocrx_word' id='word_1_284' title='bbox 981 1269 1150 1311; x_wconf 61' lang='lat' dir='ltr'>defectum</span> <span class='ocrx_word' id='word_1_285' title='bbox 1181 1276 1462 1323; x_wconf 66' lang='lat' dir='ltr'>interpretationis</span> <span class='ocrx_word' id='word_1_286' title='bbox 1489 1274 1686 1321; x_wconf 76' lang='lat' dir='ltr'>antiquioris</span> <span class='ocrx_word' id='word_1_287' title='bbox 1714 1275 1748 1306; x_wconf 92' lang='lat' dir='ltr'>in</span> <span class='ocrx_word' id='word_1_288' title='bbox 1777 1271 1838 1306; x_wconf 91' lang='lat' dir='ltr'>illo</span> 
     </span>
     <span class='ocr_line' id='line_1_23' title="bbox 28 1324 1838 1377; baseline -0.003 -15"><span class='ocrx_word' id='word_1_289' title='bbox 28 1324 35 1328; x_wconf 77' lang='lat'>.</span> <span class='ocrx_word' id='word_1_290' title='bbox 76 1325 211 1370; x_wconf 83' lang='lat' dir='ltr'>codice3</span> <span class='ocrx_word' id='word_1_291' title='bbox 238 1341 321 1364; x_wconf 88' lang='lat' dir='ltr'>num</span> <span class='ocrx_word' id='word_1_292' title='bbox 343 1330 623 1376; x_wconf 81' lang='lat' dir='ltr'>interpretationis</span> <span class='ocrx_word' id='word_1_293' title='bbox 642 1331 834 1365; x_wconf 84' lang='lat' dir='ltr'>recentioris</span> <span class='ocrx_word' id='word_1_294' title='bbox 853 1330 970 1365; x_wconf 58' lang='lat' dir='ltr'>auctor</span> <span class='ocrx_word' id='word_1_295' title='bbox 996 1325 1092 1364; x_wconf 87' lang='lat' dir='ltr'>fuerit</span> <span class='ocrx_word' id='word_1_296' title='bbox 1110 1329 1286 1377; x_wconf 77' lang='lat' dir='ltr'>Dionysius</span> <span class='ocrx_word' id='word_1_297' title='bbox 1305 1325 1439 1376; x_wconf 79' lang='lat' dir='ltr'>quidam</span> <span class='ocrx_word' id='word_1_298' title='bbox 1468 1325 1737 1366; x_wconf 77' lang='lat' dir='ltr'>Alexandrinus,</span> <span class='ocrx_word' id='word_1_299' title='bbox 1766 1324 1838 1357; x_wconf 89' lang='lat' dir='ltr'>rhe-</span> 
     </span>
     <span class='ocr_line' id='line_1_24' title="bbox 77 1376 1839 1431; baseline -0.003 -16"><span class='ocrx_word' id='word_1_300' title='bbox 77 1390 131 1415; x_wconf 84' lang='lat' dir='ltr'>tor</span> <span class='ocrx_word' id='word_1_301' title='bbox 144 1380 196 1424; x_wconf 67' lang='lat'>⁹),</span> <span class='ocrx_word' id='word_1_302' title='bbox 224 1383 330 1421; x_wconf 84' lang='lat' dir='ltr'>(cuius</span> <span class='ocrx_word' id='word_1_303' title='bbox 355 1383 595 1416; x_wconf 81' lang='lat' dir='ltr'>commentaria</span> <span class='ocrx_word' id='word_1_304' title='bbox 619 1384 651 1416; x_wconf 91' lang='lat' dir='ltr'>in</span> <span class='ocrx_word' id='word_1_305' title='bbox 674 1383 908 1431; x_wconf 72' lang='lat' dir='ltr'>Areopagitam</span> <span class='ocrx_word' id='word_1_306' title='bbox 941 1379 1117 1417; x_wconf 75' lang='lat' dir='ltr'>laudantur</span> <span class='ocrx_word' id='word_1_307' title='bbox 1140 1394 1159 1415; x_wconf 84' lang='lat' dir='ltr'>a</span> <span class='ocrx_word' id='word_1_308' title='bbox 1184 1384 1233 1416; x_wconf 89' lang='lat'>10.</span> <span class='ocrx_word' id='word_1_309' title='bbox 1260 1378 1482 1427; x_wconf 78' lang='lat' dir='ltr'>Cyparilliota</span> <span class='ocrx_word' id='word_1_310' title='bbox 1507 1388 1538 1413; x_wconf 88' lang='lat' dir='ltr'>et</span> <span class='ocrx_word' id='word_1_311' title='bbox 1565 1393 1583 1413; x_wconf 86' lang='lat' dir='ltr'>a</span> <span class='ocrx_word' id='word_1_312' title='bbox 1603 1379 1720 1415; x_wconf 73' lang='lat' dir='ltr'>Frnnc,</span> <span class='ocrx_word' id='word_1_313' title='bbox 1752 1376 1839 1410; x_wconf 84' lang='lat' dir='ltr'>Tm·-</span> 
     </span>
     <span class='ocr_line' id='line_1_25' title="bbox 77 1429 1837 1482; baseline -0.002 -15"><span class='ocrx_word' id='word_1_314' title='bbox 77 1433 172 1467; x_wconf 80' lang='lat' dir='ltr'>riano</span> <span class='ocrx_word' id='word_1_315' title='bbox 194 1433 227 1466; x_wconf 88' lang='lat' dir='ltr'>in</span> <span class='ocrx_word' id='word_1_316' title='bbox 247 1429 442 1468; x_wconf 74' lang='lat' dir='ltr'>defensione</span> <span class='ocrx_word' id='word_1_317' title='bbox 464 1434 634 1468; x_wconf 72' lang='lat' dir='ltr'>canonum</span> <span class='ocrx_word' id='word_1_318' title='bbox 658 1433 889 1482; x_wconf 75' lang='lat' dir='ltr'>apostolorum</span> <span class='ocrx_word' id='word_1_319' title='bbox 911 1430 1035 1468; x_wconf 79' lang='lat' dir='ltr'>aduers.</span> <span class='ocrx_word' id='word_1_320' title='bbox 1054 1430 1335 1481; x_wconf 77' lang='lat' dir='ltr'>Magdcburgcns.</span> <span class='ocrx_word' id='word_1_321' title='bbox 1352 1433 1608 1473; x_wconf 75' lang='lat' dir='ltr'>centuriatores,</span> <span class='ocrx_word' id='word_1_322' title='bbox 1636 1432 1739 1466; x_wconf 83' lang='lat' dir='ltr'>Lutet.</span> <span class='ocrx_word' id='word_1_323' title='bbox 1757 1439 1837 1474; x_wconf 66' lang='lat'>1573.</span> 
     </span>
    </p>
   </div>
   <div class='ocr_carea' id='block_1_4' title="bbox 74 1479 1837 1638">
    <p class='ocr_par' dir='ltr' id='par_1_6' title="bbox 74 1479 1837 1638">
     <span class='ocr_line' id='line_1_26' title="bbox 76 1479 1837 1534; baseline -0.002 -15"><span class='ocrx_word' id='word_1_324' title='bbox 76 1481 140 1519; x_wconf 84' lang='lat' dir='ltr'>fot.</span> <span class='ocrx_word' id='word_1_325' title='bbox 166 1496 241 1532; x_wconf 85' lang='lat' dir='ltr'>pag.</span> <span class='ocrx_word' id='word_1_326' title='bbox 261 1487 333 1527; x_wconf 70' lang='lat'>236.</span> <span class='ocrx_word' id='word_1_327' title='bbox 349 1489 398 1527; x_wconf 79' lang='lat' dir='ltr'>t).</span> <span class='ocrx_word' id='word_1_328' title='bbox 426 1498 468 1520; x_wconf 90' lang='lat' dir='ltr'>an</span> <span class='ocrx_word' id='word_1_329' title='bbox 484 1484 662 1524; x_wconf 64' lang='lat' dir='ltr'>Germani.</span> <span class='ocrx_word' id='word_1_330' title='bbox 687 1488 894 1534; x_wconf 77' lang='lat' dir='ltr'>patriarchae</span> <span class='ocrx_word' id='word_1_331' title='bbox 911 1483 1104 1522; x_wconf 74' lang='lat' dir='ltr'>CPolitani,</span> <span class='ocrx_word' id='word_1_332' title='bbox 1130 1498 1171 1518; x_wconf 85' lang='lat' dir='ltr'>an</span> <span class='ocrx_word' id='word_1_333' title='bbox 1195 1484 1300 1520; x_wconf 80' lang='lat' dir='ltr'>alius?</span> <span class='ocrx_word' id='word_1_334' title='bbox 1327 1504 1378 1510; x_wconf 89' lang='lat'><em>—</em></span> <span class='ocrx_word' id='word_1_335' title='bbox 1420 1485 1459 1518; x_wconf 88' lang='lat' dir='ltr'>In</span> <span class='ocrx_word' id='word_1_336' title='bbox 1479 1481 1554 1518; x_wconf 87' lang='lat' dir='ltr'>cod.</span> <span class='ocrx_word' id='word_1_337' title='bbox 1574 1483 1661 1519; x_wconf 84' lang='lat' dir='ltr'>XIX.</span> <span class='ocrx_word' id='word_1_338' title='bbox 1687 1479 1837 1516; x_wconf 71' lang='lat' dir='ltr'>eiusdem</span> 
     </span>
     <span class='ocr_line' id='line_1_27' title="bbox 76 1531 1837 1588; baseline -0.001 -17"><span class='ocrx_word' id='word_1_339' title='bbox 76 1535 202 1585; x_wconf 83' lang='lat' dir='ltr'>plutei,</span> <span class='ocrx_word' id='word_1_340' title='bbox 231 1537 325 1571; x_wconf 77' lang='lat' dir='ltr'>Dion.</span> <span class='ocrx_word' id='word_1_341' title='bbox 349 1550 428 1586; x_wconf 87' lang='lat' dir='ltr'>opp.</span> <span class='ocrx_word' id='word_1_342' title='bbox 453 1536 547 1572; x_wconf 86' lang='lat' dir='ltr'>editis</span> <span class='ocrx_word' id='word_1_343' title='bbox 573 1539 669 1572; x_wconf 83' lang='lat' dir='ltr'>initio</span> <span class='ocrx_word' id='word_1_344' title='bbox 693 1548 723 1572; x_wconf 79' lang='lat' dir='ltr'>et</span> <span class='ocrx_word' id='word_1_345' title='bbox 750 1538 815 1574; x_wconf 86' lang='lat' dir='ltr'>fine</span> <span class='ocrx_word' id='word_1_346' title='bbox 838 1539 936 1588; x_wconf 82' lang='lat' dir='ltr'>plane</span> <span class='ocrx_word' id='word_1_347' title='bbox 964 1535 1194 1573; x_wconf 79' lang='lat' dir='ltr'>consentanea.</span> <span class='ocrx_word' id='word_1_348' title='bbox 1222 1538 1375 1582; x_wconf 75' lang='lat' dir='ltr'>(Handin.</span> <span class='ocrx_word' id='word_1_349' title='bbox 1401 1535 1424 1571; x_wconf 90' lang='lat' dir='ltr'>l.</span> <span class='ocrx_word' id='word_1_350' title='bbox 1447 1549 1473 1570; x_wconf 91' lang='lat' dir='ltr'>c.</span> <span class='ocrx_word' id='word_1_351' title='bbox 1498 1548 1574 1585; x_wconf 75' lang='lat' dir='ltr'>pag.</span> <span class='ocrx_word' id='word_1_352' title='bbox 1596 1546 1642 1577; x_wconf 75' lang='lat'>41.</span> <span class='ocrx_word' id='word_1_353' title='bbox 1666 1535 1717 1569; x_wconf 88' lang='lat' dir='ltr'>vbi</span> <span class='ocrx_word' id='word_1_354' title='bbox 1745 1531 1837 1569; x_wconf 81' lang='lat' dir='ltr'>dedit</span> 
     </span>
     <span class='ocr_line' id='line_1_28' title="bbox 74 1585 1837 1638; baseline -0.003 -14"><span class='ocrx_word' id='word_1_355' title='bbox 74 1588 146 1624; x_wconf 89' lang='lat' dir='ltr'>duo</span> <span class='ocrx_word' id='word_1_356' title='bbox 170 1586 372 1624; x_wconf 78' lang='lat' dir='ltr'>scholiorum</span> <span class='ocrx_word' id='word_1_357' title='bbox 404 1586 584 1637; x_wconf 86' lang='lat' dir='ltr'>specimina</span> <span class='ocrx_word' id='word_1_358' title='bbox 609 1591 790 1638; x_wconf 75' lang='lat' dir='ltr'>excerpta).</span> <span class='ocrx_word' id='word_1_359' title='bbox 819 1611 864 1617; x_wconf 95' lang='lat'>—</span> <span class='ocrx_word' id='word_1_360' title='bbox 924 1591 961 1623; x_wconf 82' lang='lat' dir='ltr'>In</span> <span class='ocrx_word' id='word_1_361' title='bbox 988 1588 1062 1625; x_wconf 87' lang='lat' dir='ltr'>cod.</span> <span class='ocrx_word' id='word_1_362' title='bbox 1084 1590 1206 1625; x_wconf 84' lang='lat' dir='ltr'>XXVI.</span> <span class='ocrx_word' id='word_1_363' title='bbox 1226 1587 1340 1624; x_wconf 80' lang='lat' dir='ltr'>eiusd.</span> <span class='ocrx_word' id='word_1_364' title='bbox 1371 1587 1472 1637; x_wconf 88' lang='lat' dir='ltr'>plutei</span> <span class='ocrx_word' id='word_1_365' title='bbox 1507 1588 1657 1637; x_wconf 75' lang='lat' dir='ltr'>Dionysii</span> <span class='ocrx_word' id='word_1_366' title='bbox 1689 1586 1763 1621; x_wconf 88' lang='lat' dir='ltr'>libri</span> <span class='ocrx_word' id='word_1_367' title='bbox 1796 1585 1837 1620; x_wconf 90' lang='lat' dir='ltr'>de</span> 
     </span>
    </p>
   </div>
   <div class='ocr_carea' id='block_1_5' title="bbox 20 1635 1837 2409">
    <p class='ocr_par' dir='ltr' id='par_1_7' title="bbox 20 1635 1837 2374">
     <span class='ocr_line' id='line_1_29' title="bbox 75 1635 1837 1691; baseline -0.001 -16"><span class='ocrx_word' id='word_1_368' title='bbox 75 1640 195 1676; x_wconf 84' lang='lat' dir='ltr'>diuinis</span> <span class='ocrx_word' id='word_1_369' title='bbox 224 1642 419 1676; x_wconf 86' lang='lat' dir='ltr'>nominibus</span> <span class='ocrx_word' id='word_1_370' title='bbox 442 1645 474 1676; x_wconf 77' lang='lat' dir='ltr'>et</span> <span class='ocrx_word' id='word_1_371' title='bbox 497 1639 537 1676; x_wconf 87' lang='lat' dir='ltr'>de</span> <span class='ocrx_word' id='word_1_372' title='bbox 559 1641 692 1677; x_wconf 83' lang='lat' dir='ltr'>coelcssi</span> <span class='ocrx_word' id='word_1_373' title='bbox 715 1651 814 1691; x_wconf 85' lang='lat' dir='ltr'>atque</span> <span class='ocrx_word' id='word_1_374' title='bbox 836 1640 1048 1685; x_wconf 79' lang='lat' dir='ltr'>ecclesiastica</span> <span class='ocrx_word' id='word_1_375' title='bbox 1073 1639 1274 1683; x_wconf 72' lang='lat' dir='ltr'>hierarchia,</span> <span class='ocrx_word' id='word_1_376' title='bbox 1304 1644 1382 1677; x_wconf 87' lang='lat' dir='ltr'>item</span> <span class='ocrx_word' id='word_1_377' title='bbox 1407 1639 1564 1690; x_wconf 68' lang='lat' dir='ltr'>epistolae</span> <span class='ocrx_word' id='word_1_378' title='bbox 1580 1642 1620 1675; x_wconf 79' lang='lat' dir='ltr'>X.</span> <span class='ocrx_word' id='word_1_379' title='bbox 1645 1652 1722 1675; x_wconf 90' lang='lat' dir='ltr'>cum</span> <span class='ocrx_word' id='word_1_380' title='bbox 1745 1635 1837 1674; x_wconf 85' lang='lat' dir='ltr'>scho-</span> 
     </span>
     <span class='ocr_line' id='line_1_30' title="bbox 74 1689 1837 1744; baseline -0.002 -16"><span class='ocrx_word' id='word_1_381' title='bbox 74 1693 127 1729; x_wconf 89' lang='lat' dir='ltr'>liis</span> <span class='ocrx_word' id='word_1_382' title='bbox 143 1691 313 1728; x_wconf 79' lang='lat' dir='ltr'>cuiusdam</span> <span class='ocrx_word' id='word_1_383' title='bbox 338 1693 488 1728; x_wconf 71' lang='lat' dir='ltr'>Andreae</span> <span class='ocrx_word' id='word_1_384' title='bbox 511 1703 540 1729; x_wconf 88' lang='lat' dir='ltr'>et</span> <span class='ocrx_word' id='word_1_385' title='bbox 557 1695 701 1730; x_wconf 74' lang='lat' dir='ltr'>Maximi</span> <span class='ocrx_word' id='word_1_386' title='bbox 724 1705 820 1743; x_wconf 80' lang='lat' dir='ltr'>atque</span> <span class='ocrx_word' id='word_1_387' title='bbox 844 1694 1140 1744; x_wconf 59' lang='lat' dir='ltr'>epigrammatibus</span> <span class='ocrx_word' id='word_1_388' title='bbox 1163 1696 1196 1729; x_wconf 91' lang='lat' dir='ltr'>in</span> <span class='ocrx_word' id='word_1_389' title='bbox 1212 1692 1368 1739; x_wconf 72' lang='lat' dir='ltr'>Dionysii</span> <span class='ocrx_word' id='word_1_390' title='bbox 1393 1692 1537 1728; x_wconf 82' lang='lat' dir='ltr'>laudem.</span> <span class='ocrx_word' id='word_1_391' title='bbox 1578 1693 1691 1735; x_wconf 85' lang='lat' dir='ltr'>(Plura</span> <span class='ocrx_word' id='word_1_392' title='bbox 1711 1689 1750 1726; x_wconf 91' lang='lat' dir='ltr'>de</span> <span class='ocrx_word' id='word_1_393' title='bbox 1772 1692 1837 1726; x_wconf 88' lang='lat' dir='ltr'>hoc</span> 
     </span>
     <span class='ocr_line' id='line_1_31' title="bbox 73 1738 1836 1796; baseline -0.002 -16"><span class='ocrx_word' id='word_1_394' title='bbox 73 1743 152 1781; x_wconf 90' lang='lat' dir='ltr'>cod.</span> <span class='ocrx_word' id='word_1_395' title='bbox 174 1738 263 1781; x_wconf 74' lang='lat' dir='ltr'>dabit</span> <span class='ocrx_word' id='word_1_396' title='bbox 290 1747 435 1782; x_wconf 63' lang='lat' dir='ltr'>Bandizn.</span> <span class='ocrx_word' id='word_1_397' title='bbox 460 1745 482 1782; x_wconf 96' lang='lat' dir='ltr'>l.</span> <span class='ocrx_word' id='word_1_398' title='bbox 499 1760 527 1781; x_wconf 90' lang='lat' dir='ltr'>c.</span> <span class='ocrx_word' id='word_1_399' title='bbox 550 1759 626 1795; x_wconf 80' lang='lat' dir='ltr'>pag.</span> <span class='ocrx_word' id='word_1_400' title='bbox 644 1760 690 1790; x_wconf 85' lang='lat'>50.</span> <span class='ocrx_word' id='word_1_401' title='bbox 709 1744 791 1796; x_wconf 77' lang='lat' dir='ltr'>sqq.)</span> <span class='ocrx_word' id='word_1_402' title='bbox 813 1767 863 1773; x_wconf 90' lang='lat'>——</span> <span class='ocrx_word' id='word_1_403' title='bbox 918 1747 1152 1783; x_wconf 85' lang='lat' dir='ltr'>Memorabilis</span> <span class='ocrx_word' id='word_1_404' title='bbox 1184 1747 1228 1782; x_wconf 86' lang='lat' dir='ltr'>cst</span> <span class='ocrx_word' id='word_1_405' title='bbox 1253 1746 1325 1782; x_wconf 88' lang='lat' dir='ltr'>cod.</span> <span class='ocrx_word' id='word_1_406' title='bbox 1348 1746 1478 1781; x_wconf 84' lang='lat' dir='ltr'>XXXII.</span> <span class='ocrx_word' id='word_1_407' title='bbox 1507 1744 1590 1794; x_wconf 86' lang='lat' dir='ltr'>plut.</span> <span class='ocrx_word' id='word_1_408' title='bbox 1606 1748 1647 1781; x_wconf 90' lang='lat' dir='ltr'>V.</span> <span class='ocrx_word' id='word_1_409' title='bbox 1677 1742 1721 1791; x_wconf 83' lang='lat' dir='ltr'>de</span> <span class='ocrx_word' id='word_1_410' title='bbox 1745 1745 1836 1778; x_wconf 82' lang='lat' dir='ltr'>cuius</span> 
     </span>
     <span class='ocr_line' id='line_1_32' title="bbox 73 1795 1836 1848; baseline -0.001 -15"><span class='ocrx_word' id='word_1_411' title='bbox 73 1795 188 1833; x_wconf 86' lang='lat' dir='ltr'>sorma</span> <span class='ocrx_word' id='word_1_412' title='bbox 203 1809 235 1834; x_wconf 86' lang='lat' dir='ltr'>et</span> <span class='ocrx_word' id='word_1_413' title='bbox 260 1800 466 1847; x_wconf 80' lang='lat' dir='ltr'>argumentis</span> <span class='ocrx_word' id='word_1_414' title='bbox 488 1797 622 1848; x_wconf 85' lang='lat' dir='ltr'>copiose</span> <span class='ocrx_word' id='word_1_415' title='bbox 648 1802 715 1848; x_wconf 76' lang='lat' dir='ltr'>agit</span> <span class='ocrx_word' id='word_1_416' title='bbox 740 1800 883 1835; x_wconf 76' lang='lat' dir='ltr'>Bandin.</span> <span class='ocrx_word' id='word_1_417' title='bbox 906 1799 930 1836; x_wconf 88' lang='lat' dir='ltr'>l.</span> <span class='ocrx_word' id='word_1_418' title='bbox 946 1813 973 1835; x_wconf 91' lang='lat' dir='ltr'>c.</span> <span class='ocrx_word' id='word_1_419' title='bbox 995 1812 1072 1848; x_wconf 75' lang='lat' dir='ltr'>pag.</span> <span class='ocrx_word' id='word_1_420' title='bbox 1091 1802 1141 1845; x_wconf 85' lang='lat'>56.</span> <span class='ocrx_word' id='word_1_421' title='bbox 1158 1797 1228 1848; x_wconf 85' lang='lat' dir='ltr'>sqq.</span> <span class='ocrx_word' id='word_1_422' title='bbox 1261 1801 1346 1835; x_wconf 89' lang='lat' dir='ltr'>Sunt</span> <span class='ocrx_word' id='word_1_423' title='bbox 1369 1808 1481 1834; x_wconf 87' lang='lat' dir='ltr'>autem</span> <span class='ocrx_word' id='word_1_424' title='bbox 1504 1801 1537 1833; x_wconf 87' lang='lat' dir='ltr'>in</span> <span class='ocrx_word' id='word_1_425' title='bbox 1559 1810 1599 1832; x_wconf 81' lang='lat' dir='ltr'>eo</span> <span class='ocrx_word' id='word_1_426' title='bbox 1620 1795 1756 1844; x_wconf 63' lang='lat' dir='ltr'>Dionys.</span> <span class='ocrx_word' id='word_1_427' title='bbox 1780 1795 1836 1831; x_wconf 79' lang='lat' dir='ltr'>lib.</span> 
     </span>
     <span class='ocr_line' id='line_1_33' title="bbox 75 1846 1836 1900; baseline -0.002 -15"><span class='ocrx_word' id='word_1_428' title='bbox 75 1849 116 1886; x_wconf 89' lang='lat' dir='ltr'>de</span> <span class='ocrx_word' id='word_1_429' title='bbox 138 1849 272 1898; x_wconf 75' lang='lat' dir='ltr'>coelesti</span> <span class='ocrx_word' id='word_1_430' title='bbox 299 1862 330 1886; x_wconf 88' lang='lat' dir='ltr'>et</span> <span class='ocrx_word' id='word_1_431' title='bbox 355 1849 569 1886; x_wconf 76' lang='lat' dir='ltr'>ecclesiastica</span> <span class='ocrx_word' id='word_1_432' title='bbox 596 1853 801 1895; x_wconf 82' lang='lat' dir='ltr'>hierarchia,</span> <span class='ocrx_word' id='word_1_433' title='bbox 829 1851 869 1887; x_wconf 89' lang='lat' dir='ltr'>de</span> <span class='ocrx_word' id='word_1_434' title='bbox 901 1851 1019 1887; x_wconf 80' lang='lat' dir='ltr'>diuinis</span> <span class='ocrx_word' id='word_1_435' title='bbox 1048 1853 1258 1895; x_wconf 63' lang='lat' dir='ltr'>nominibus,</span> <span class='ocrx_word' id='word_1_436' title='bbox 1296 1851 1427 1887; x_wconf 70' lang='lat' dir='ltr'>libellus</span> <span class='ocrx_word' id='word_1_437' title='bbox 1457 1859 1591 1900; x_wconf 82' lang='lat' dir='ltr'>quartus</span> <span class='ocrx_word' id='word_1_438' title='bbox 1624 1848 1664 1884; x_wconf 91' lang='lat' dir='ltr'>de</span> <span class='ocrx_word' id='word_1_439' title='bbox 1692 1846 1836 1892; x_wconf 77' lang='lat' dir='ltr'>mystica</span> 
     </span>
     <span class='ocr_line' id='line_1_34' title="bbox 74 1900 1836 1954; baseline -0.002 -16"><span class='ocrx_word' id='word_1_440' title='bbox 74 1900 270 1950; x_wconf 79' lang='lat' dir='ltr'>theologia,</span> <span class='ocrx_word' id='word_1_441' title='bbox 297 1902 453 1952; x_wconf 78' lang='lat' dir='ltr'>epistolae</span> <span class='ocrx_word' id='word_1_442' title='bbox 474 1905 512 1938; x_wconf 84' lang='lat' dir='ltr'>X.</span> <span class='ocrx_word' id='word_1_443' title='bbox 544 1901 684 1945; x_wconf 76' lang='lat' dir='ltr'>scholia,</span> <span class='ocrx_word' id='word_1_444' title='bbox 720 1917 778 1950; x_wconf 82' lang='lat'>1²4</span> <span class='ocrx_word' id='word_1_445' title='bbox 792 1917 886 1954; x_wconf 90' lang='lat' dir='ltr'>capp.</span> <span class='ocrx_word' id='word_1_446' title='bbox 905 1901 1166 1953; x_wconf 75' lang='lat' dir='ltr'>comprehensa,</span> <span class='ocrx_word' id='word_1_447' title='bbox 1210 1905 1326 1954; x_wconf 87' lang='lat' dir='ltr'>quibus</span> <span class='ocrx_word' id='word_1_448' title='bbox 1354 1905 1612 1954; x_wconf 82' lang='lat' dir='ltr'>praemittuntur</span> <span class='ocrx_word' id='word_1_449' title='bbox 1640 1902 1836 1941; x_wconf 84' lang='lat' dir='ltr'>hexametri,</span> 
     </span>
     <span class='ocr_line' id='line_1_35' title="bbox 75 1954 1836 2006; baseline -0.002 -16"><span class='ocrx_word' id='word_1_450' title='bbox 75 1970 93 1990; x_wconf 85' lang='lat' dir='ltr'>a</span> <span class='ocrx_word' id='word_1_451' title='bbox 110 1954 270 1993; x_wconf 80' lang='lat' dir='ltr'>Randinio</span> <span class='ocrx_word' id='word_1_452' title='bbox 285 1959 436 2005; x_wconf 86' lang='lat' dir='ltr'>primum</span> <span class='ocrx_word' id='word_1_453' title='bbox 453 1954 625 2003; x_wconf 81' lang='lat' dir='ltr'>publicati,</span> <span class='ocrx_word' id='word_1_454' title='bbox 653 1965 684 1991; x_wconf 89' lang='lat' dir='ltr'>et</span> <span class='ocrx_word' id='word_1_455' title='bbox 703 1956 864 2006; x_wconf 78' lang='lat' dir='ltr'>prologus</span> <span class='ocrx_word' id='word_1_456' title='bbox 887 1960 920 1993; x_wconf 90' lang='lat' dir='ltr'>in</span> <span class='ocrx_word' id='word_1_457' title='bbox 937 1956 1199 2003; x_wconf 72' lang='lat' dir='ltr'>S,Dionysium‚</span> <span class='ocrx_word' id='word_1_458' title='bbox 1228 1958 1283 2006; x_wconf 88' lang='lat' dir='ltr'>qui</span> <span class='ocrx_word' id='word_1_459' title='bbox 1303 1954 1359 1991; x_wconf 89' lang='lat' dir='ltr'>sub</span> <span class='ocrx_word' id='word_1_460' title='bbox 1379 1957 1516 1993; x_wconf 86' lang='lat' dir='ltr'>nomine</span> <span class='ocrx_word' id='word_1_461' title='bbox 1531 1955 1676 1990; x_wconf 78' lang='lat' dir='ltr'>Maximi</span> <span class='ocrx_word' id='word_1_462' title='bbox 1695 1955 1836 1988; x_wconf 85' lang='lat' dir='ltr'>circum-</span> 
     </span>
     <span class='ocr_line' id='line_1_36' title="bbox 74 2005 1836 2057; baseline -0.002 -15"><span class='ocrx_word' id='word_1_463' title='bbox 74 2005 197 2048; x_wconf 72' lang='lat' dir='ltr'>fertur,</span> <span class='ocrx_word' id='word_1_464' title='bbox 224 2018 320 2055; x_wconf 79' lang='lat' dir='ltr'>atque</span> <span class='ocrx_word' id='word_1_465' title='bbox 337 2010 580 2057; x_wconf 78' lang='lat' dir='ltr'>epigrammata</span> <span class='ocrx_word' id='word_1_466' title='bbox 603 2011 635 2043; x_wconf 92' lang='lat' dir='ltr'>in</span> <span class='ocrx_word' id='word_1_467' title='bbox 657 2008 825 2045; x_wconf 77' lang='lat' dir='ltr'>eumdem.</span> <span class='ocrx_word' id='word_1_468' title='bbox 856 2030 905 2038; x_wconf 89' lang='lat'>--</span> <span class='ocrx_word' id='word_1_469' title='bbox 960 2014 997 2046; x_wconf 77' lang='lat' dir='ltr'>ln</span> <span class='ocrx_word' id='word_1_470' title='bbox 1021 2008 1094 2045; x_wconf 90' lang='lat' dir='ltr'>cod.</span> <span class='ocrx_word' id='word_1_471' title='bbox 1112 2010 1228 2045; x_wconf 86' lang='lat' dir='ltr'>XXIX.</span> <span class='ocrx_word' id='word_1_472' title='bbox 1258 2009 1338 2056; x_wconf 78' lang='lat' dir='ltr'>plut,</span> <span class='ocrx_word' id='word_1_473' title='bbox 1355 2010 1429 2044; x_wconf 86' lang='lat' dir='ltr'>VII.</span> <span class='ocrx_word' id='word_1_474' title='bbox 1459 2009 1599 2055; x_wconf 79' lang='lat' dir='ltr'>Georgii</span> <span class='ocrx_word' id='word_1_475' title='bbox 1623 2006 1836 2056; x_wconf 72' lang='lat' dir='ltr'>Pathyincrac</span> 
     </span>
     <span class='ocr_line' id='line_1_37' title="bbox 75 2057 1834 2110; baseline -0.002 -16"><span class='ocrx_word' id='word_1_476' title='bbox 75 2057 280 2108; x_wconf 81' lang='lat' dir='ltr'>paraphrasis</span> <span class='ocrx_word' id='word_1_477' title='bbox 306 2060 339 2094; x_wconf 87' lang='lat' dir='ltr'>in</span> <span class='ocrx_word' id='word_1_478' title='bbox 366 2062 471 2096; x_wconf 88' lang='lat' dir='ltr'>Dion.</span> <span class='ocrx_word' id='word_1_479' title='bbox 493 2064 658 2109; x_wconf 73' lang='lat' dir='ltr'>Areopag.</span> <span class='ocrx_word' id='word_1_480' title='bbox 684 2074 801 2110; x_wconf 83' lang='lat' dir='ltr'>opera:</span> <span class='ocrx_word' id='word_1_481' title='bbox 841 2061 894 2096; x_wconf 83' lang='lat' dir='ltr'>illa</span> <span class='ocrx_word' id='word_1_482' title='bbox 919 2062 1020 2097; x_wconf 84' lang='lat' dir='ltr'>exssat</span> <span class='ocrx_word' id='word_1_483' title='bbox 1045 2065 1076 2097; x_wconf 91' lang='lat' dir='ltr'>in</span> <span class='ocrx_word' id='word_1_484' title='bbox 1107 2062 1184 2096; x_wconf 83' lang='lat' dir='ltr'>edit.</span> <span class='ocrx_word' id='word_1_485' title='bbox 1209 2059 1365 2106; x_wconf 69' lang='lat' dir='ltr'>Dionysii</span> <span class='ocrx_word' id='word_1_486' title='bbox 1389 2063 1555 2110; x_wconf 79' lang='lat' dir='ltr'>Areopag.</span> <span class='ocrx_word' id='word_1_487' title='bbox 1579 2061 1722 2098; x_wconf 78' lang='lat' dir='ltr'>Veneta,</span> <span class='ocrx_word' id='word_1_488' title='bbox 1753 2069 1834 2102; x_wconf 83' lang='lat'>¹755·</span> 
     </span>
     <span class='ocr_line' id='line_1_38' title="bbox 74 2110 1835 2163; baseline -0.001 -16"><span class='ocrx_word' id='word_1_489' title='bbox 74 2110 138 2150; x_wconf 86' lang='lat' dir='ltr'>fol.</span> <span class='ocrx_word' id='word_1_490' title='bbox 163 2124 245 2146; x_wconf 88' lang='lat' dir='ltr'>tom.</span> <span class='ocrx_word' id='word_1_491' title='bbox 265 2114 287 2146; x_wconf 82' lang='lat' dir='ltr'>t.</span> <span class='ocrx_word' id='word_1_492' title='bbox 317 2125 392 2161; x_wconf 76' lang='lat' dir='ltr'>pag.</span> <span class='ocrx_word' id='word_1_493' title='bbox 410 2116 525 2160; x_wconf 75' lang='lat'>6-152.</span> <span class='ocrx_word' id='word_1_494' title='bbox 554 2115 714 2157; x_wconf 70' lang='lat' dir='ltr'>(Boudia.</span> <span class='ocrx_word' id='word_1_495' title='bbox 739 2113 759 2149; x_wconf 93' lang='lat' dir='ltr'>l.</span> <span class='ocrx_word' id='word_1_496' title='bbox 775 2127 803 2149; x_wconf 93' lang='lat' dir='ltr'>c.</span> <span class='ocrx_word' id='word_1_497' title='bbox 828 2127 860 2163; x_wconf 88' lang='lat' dir='ltr'>p.</span> <span class='ocrx_word' id='word_1_498' title='bbox 875 2118 967 2160; x_wconf 62' lang='lat'>289)</span> <span class='ocrx_word' id='word_1_499' title='bbox 994 2135 1046 2141; x_wconf 94' lang='lat'>—</span> <span class='ocrx_word' id='word_1_500' title='bbox 1102 2115 1139 2148; x_wconf 82' lang='lat' dir='ltr'>In</span> <span class='ocrx_word' id='word_1_501' title='bbox 1163 2111 1237 2148; x_wconf 88' lang='lat' dir='ltr'>cod.</span> <span class='ocrx_word' id='word_1_502' title='bbox 1254 2115 1387 2152; x_wconf 82' lang='lat' dir='ltr'><strong>XXXV,</strong></span> <span class='ocrx_word' id='word_1_503' title='bbox 1407 2111 1488 2160; x_wconf 75' lang='lat' dir='ltr'>plut,</span> <span class='ocrx_word' id='word_1_504' title='bbox 1506 2114 1578 2151; x_wconf 70' lang='lat' dir='ltr'>vn.</span> <span class='ocrx_word' id='word_1_505' title='bbox 1605 2125 1655 2146; x_wconf 89' lang='lat' dir='ltr'>nr.</span> <span class='ocrx_word' id='word_1_506' title='bbox 1673 2122 1703 2154; x_wconf 82' lang='lat'>4.</span> <span class='ocrx_word' id='word_1_507' title='bbox 1730 2110 1835 2145; x_wconf 85' lang='lat' dir='ltr'>Dion.</span> 
     </span>
     <span class='ocr_line' id='line_1_39' title="bbox 74 2161 1834 2214; baseline -0.002 -15"><span class='ocrx_word' id='word_1_508' title='bbox 74 2163 299 2212; x_wconf 52' lang='lat' dir='ltr'>unepissolae</span> <span class='ocrx_word' id='word_1_509' title='bbox 314 2164 353 2200; x_wconf 85' lang='lat' dir='ltr'>ad</span> <span class='ocrx_word' id='word_1_510' title='bbox 371 2167 489 2200; x_wconf 65' lang='lat' dir='ltr'>Caium</span> <span class='ocrx_word' id='word_1_511' title='bbox 508 2161 735 2214; x_wconf 66' lang='lat' dir='ltr'>therap-cutam</span> <span class='ocrx_word' id='word_1_512' title='bbox 753 2180 831 2201; x_wconf 79' lang='lat' dir='ltr'>cuni</span> <span class='ocrx_word' id='word_1_513' title='bbox 849 2167 1032 2205; x_wconf 85' lang='lat' dir='ltr'>vberrimis,</span> <span class='ocrx_word' id='word_1_514' title='bbox 1051 2167 1195 2201; x_wconf 66' lang='lat' dir='ltr'>Maximi</span> <span class='ocrx_word' id='word_1_515' title='bbox 1212 2162 1337 2206; x_wconf 86' lang='lat' dir='ltr'>forsan,</span> <span class='ocrx_word' id='word_1_516' title='bbox 1357 2163 1487 2200; x_wconf 84' lang='lat' dir='ltr'>scholiis</span> <span class='ocrx_word' id='word_1_517' title='bbox 1506 2163 1680 2211; x_wconf 74' lang='lat' dir='ltr'>marginal.</span> <span class='ocrx_word' id='word_1_518' title='bbox 1709 2163 1834 2205; x_wconf 82' lang='lat' dir='ltr'>(Band.</span> 
     </span>
     <span class='ocr_line' id='line_1_40' title="bbox 73 2213 1834 2269; baseline 0 -19"><span class='ocrx_word' id='word_1_519' title='bbox 73 2217 98 2252; x_wconf 87' lang='lat'>1.</span> <span class='ocrx_word' id='word_1_520' title='bbox 122 2230 154 2266; x_wconf 74' lang='lat' dir='ltr'>p.</span> <span class='ocrx_word' id='word_1_521' title='bbox 173 2220 265 2263; x_wconf 82' lang='lat'>296.)</span> <span class='ocrx_word' id='word_1_522' title='bbox 294 2236 343 2242; x_wconf 94' lang='lat'><strong>—</strong></span> <span class='ocrx_word' id='word_1_523' title='bbox 372 2218 409 2252; x_wconf 91' lang='lat' dir='ltr'>In</span> <span class='ocrx_word' id='word_1_524' title='bbox 430 2217 569 2252; x_wconf 88' lang='lat' dir='ltr'>homilia</span> <span class='ocrx_word' id='word_1_525' title='bbox 591 2218 751 2268; x_wconf 71' lang='lat' dir='ltr'>Anoflcfii</span> <span class='ocrx_word' id='word_1_526' title='bbox 771 2221 933 2261; x_wconf 76' lang='lat' dir='ltr'>sinaitae,</span> <span class='ocrx_word' id='word_1_527' title='bbox 961 2232 1060 2269; x_wconf 86' lang='lat' dir='ltr'>quam</span> <span class='ocrx_word' id='word_1_528' title='bbox 1080 2218 1219 2253; x_wconf 70' lang='lat' dir='ltr'>Baridin.</span> <span class='ocrx_word' id='word_1_529' title='bbox 1239 2231 1279 2253; x_wconf 88' lang='lat' dir='ltr'>ex</span> <span class='ocrx_word' id='word_1_530' title='bbox 1303 2217 1378 2254; x_wconf 87' lang='lat' dir='ltr'>cod.</span> <span class='ocrx_word' id='word_1_531' title='bbox 1397 2218 1532 2256; x_wconf 77' lang='lat' dir='ltr'>XXXV,</span> <span class='ocrx_word' id='word_1_532' title='bbox 1547 2213 1594 2266; x_wconf 80' lang='lat' dir='ltr'>pl.</span> <span class='ocrx_word' id='word_1_533' title='bbox 1609 2217 1682 2250; x_wconf 89' lang='lat' dir='ltr'>VII.</span> <span class='ocrx_word' id='word_1_534' title='bbox 1707 2225 1790 2251; x_wconf 88' lang='lat' dir='ltr'>tom.</span> <span class='ocrx_word' id='word_1_535' title='bbox 1808 2217 1834 2250; x_wconf 87' lang='lat'>1.</span> 
     </span>
     <span class='ocr_line' id='line_1_41' title="bbox 20 2265 1836 2332; baseline -0.002 -29"><span class='ocrx_word' id='word_1_536' title='bbox 20 2278 26 2281; x_wconf 77' lang='grc'><strong><em>’</em></strong></span> <span class='ocrx_word' id='word_1_537' title='bbox 64 2281 150 2332; x_wconf 49' lang='lat'>‘2³3&#39;</span> <span class='ocrx_word' id='word_1_538' title='bbox 167 2281 240 2313; x_wconf 80' lang='lat'>299,</span> <span class='ocrx_word' id='word_1_539' title='bbox 263 2265 330 2317; x_wconf 85' lang='lat' dir='ltr'>sqq.</span> <span class='ocrx_word' id='word_1_540' title='bbox 356 2271 520 2317; x_wconf 79' lang='lat' dir='ltr'>integram</span> <span class='ocrx_word' id='word_1_541' title='bbox 544 2269 652 2313; x_wconf 73' lang='lat' dir='ltr'>dedit,</span> <span class='ocrx_word' id='word_1_542' title='bbox 682 2283 756 2319; x_wconf 83' lang='lat' dir='ltr'>pag.</span> <span class='ocrx_word' id='word_1_543' title='bbox 777 2284 837 2314; x_wconf 86' lang='lat'>3¹1·</span> <span class='ocrx_word' id='word_1_544' title='bbox 858 2271 980 2318; x_wconf 83' lang='lat' dir='ltr'>legitur</span> <span class='ocrx_word' id='word_1_545' title='bbox 995 2269 1150 2316; x_wconf 81' lang='lat' dir='ltr'>Dionysii</span> <span class='ocrx_word' id='word_1_546' title='bbox 1174 2276 1341 2319; x_wconf 76' lang='lat' dir='ltr'>Areopag.</span> <span class='ocrx_word' id='word_1_547' title='bbox 1367 2268 1467 2306; x_wconf 80' lang='lat' dir='ltr'>defin.</span> <span class='ocrx_word' id='word_1_548' title='bbox 1491 2267 1532 2304; x_wconf 88' lang='lat' dir='ltr'>de</span> <span class='ocrx_word' id='word_1_549' title='bbox 1552 2271 1679 2304; x_wconf 81' lang='lat' dir='ltr'>animo.</span> <span class='ocrx_word' id='word_1_550' title='bbox 1705 2289 1758 2296; x_wconf 92' lang='lat'>—-</span> <span class='ocrx_word' id='word_1_551' title='bbox 1787 2268 1836 2300; x_wconf 79' lang='lat' dir='ltr'>-In</span> 
     </span>
     <span class='ocr_line' id='line_1_42' title="bbox 73 2318 1833 2374; baseline 0.001 -17"><span class='ocrx_word' id='word_1_552' title='bbox 73 2319 150 2357; x_wconf 86' lang='lat' dir='ltr'>cod.</span> <span class='ocrx_word' id='word_1_553' title='bbox 172 2321 278 2357; x_wconf 86' lang='lat' dir='ltr'>XVII.</span> <span class='ocrx_word' id='word_1_554' title='bbox 304 2319 386 2370; x_wconf 87' lang='lat' dir='ltr'>plut.</span> <span class='ocrx_word' id='word_1_555' title='bbox 405 2323 493 2357; x_wconf 88' lang='lat' dir='ltr'>VIII.</span> <span class='ocrx_word' id='word_1_556' title='bbox 514 2335 546 2357; x_wconf 88' lang='lat' dir='ltr'>n.</span> <span class='ocrx_word' id='word_1_557' title='bbox 563 2334 609 2368; x_wconf 83' lang='lat'>²5·</span> <span class='ocrx_word' id='word_1_558' title='bbox 624 2326 791 2374; x_wconf 64' lang='lat' dir='ltr'>&#39;excerpta</span> <span class='ocrx_word' id='word_1_559' title='bbox 815 2337 854 2359; x_wconf 87' lang='lat' dir='ltr'>ex</span> <span class='ocrx_word' id='word_1_560' title='bbox 880 2322 1048 2370; x_wconf 74' lang='lat' dir='ltr'>Dionysio</span> <span class='ocrx_word' id='word_1_561' title='bbox 1070 2327 1194 2373; x_wconf 82' lang='lat' dir='ltr'>Areop.</span> <span class='ocrx_word' id='word_1_562' title='bbox 1219 2332 1251 2358; x_wconf 80' lang='lat' dir='ltr'>et</span> <span class='ocrx_word' id='word_1_563' title='bbox 1274 2324 1420 2360; x_wconf 69' lang='lat' dir='ltr'>Maximi</span> <span class='ocrx_word' id='word_1_564' title='bbox 1444 2319 1578 2358; x_wconf 85' lang='lat' dir='ltr'>scholiis</span> <span class='ocrx_word' id='word_1_565' title='bbox 1602 2324 1637 2358; x_wconf 88' lang='lat' dir='ltr'>in</span> <span class='ocrx_word' id='word_1_566' title='bbox 1663 2318 1833 2358; x_wconf 77' lang='lat' dir='ltr'>eumdem,</span> 
     </span>
    </p>

    <p class='ocr_par' dir='ltr' id='par_1_8' title="bbox 950 2371 1832 2409">
     <span class='ocr_line' id='line_1_43' title="bbox 950 2371 1832 2409; baseline -0.005 1"><span class='ocrx_word' id='word_1_567' title='bbox 950 2375 957 2377; x_wconf 60' lang='grc'><strong><em>’</em></strong></span> <span class='ocrx_word' id='word_1_568' title='bbox 1723 2371 1832 2409; x_wconf 82' lang='lat' dir='ltr'>Band.</span> 
     </span>
    </p>
   </div>
   <div class='ocr_carea' id='block_1_6' title="bbox 112 2475 696 2518">
    <p class='ocr_par' dir='ltr' id='par_1_9' title="bbox 112 2475 696 2518">
     <span class='ocr_line' id='line_1_44' title="bbox 112 2475 696 2518; baseline 0.003 -12"><span class='ocrx_word' id='word_1_569' title='bbox 112 2477 152 2517; x_wconf 82' lang='lat' dir='ltr'>y)</span> <span class='ocrx_word' id='word_1_570' title='bbox 175 2486 203 2506; x_wconf 88' lang='lat' dir='ltr'>v.</span> <span class='ocrx_word' id='word_1_571' title='bbox 219 2475 333 2507; x_wconf 79' lang='lat' dir='ltr'>Fabric.</span> <span class='ocrx_word' id='word_1_572' title='bbox 354 2477 486 2507; x_wconf 78' lang='lat' dir='ltr'>nostrum</span> <span class='ocrx_word' id='word_1_573' title='bbox 510 2478 575 2508; x_wconf 85' lang='lat' dir='ltr'>init.</span> <span class='ocrx_word' id='word_1_574' title='bbox 601 2475 625 2518; x_wconf 89' lang='lat'>§.</span> <span class='ocrx_word' id='word_1_575' title='bbox 642 2479 696 2509; x_wconf 83' lang='lat' dir='ltr'>VI.</span> 
     </span>
    </p>
   </div>
  </div>
 </body>
</html>
