2184 2761
390 113 459 158 652
504 108 636 166 Lib.V.
643 120 665 144 e.
678 107 785 144 XIII.
839 104 1034 143 CATENA
1063 105 1110 141 IN
1135 102 1393 150 P-RovE-RBIA
1411 102 1678 139 SALOMONIS
1779 98 2131 160 §Q'VldeafoPrssR

394 207 479 255 regis
499 203 642 244 Galliae,
676 201 890 241 Comei-tina,
923 210 955 236 et
974 197 1221 237 Mediolanensi
1242 196 1460 233 Anibi-osiana
1479 194 1640 232 euoluiss‘e
1663 194 1695 231 se
1718 194 1850 231 testatur
1867 195 2119 240 Moazszconus

394 259 482 291 notis
505 254 545 290 ad
568 257 599 289 S.
615 252 827 289 Athanasium
851 262 931 286 tom.
950 253 974 286 1.
996 264 1068 299 pag.
1089 252 1181 285 1006.
1201 261 1294 292 1007.
1347 251 1397 285 De
1413 251 1543 283 Catenis
1559 249 1654 283 MSS.
1677 251 1710 283 in
1727 245 1887 286 Pl'almos,
1915 259 1994 295 quas
2017 245 2119 281 seruat

395 309 520 342 Oxonii
544 305 719 341 Bodleiana
745 312 775 338 et
796 303 1031 350 collegiinoui
1058 301 1273 342 bibliotheca,
1304 299 1464 334 videndus
1484 302 1531 334 Io.
1549 298 1707 345 Ernestus
1723 300 1864 333 Grabius
1881 294 1982 346 praef.
2006 295 2046 332 ad
2070 306 2118 330 to-

394 370 489 393 mum
505 354 682 393 secundum
701 353 858 402 spicilegii
878 362 1028 401 patrum,
1057 355 1091 388 in
1111 352 1232 402 Anglia
1255 349 1375 392 recuss,
1404 362 1434 385 et
1450 353 1498 385 Io.
1515 350 1761 396 Christophorus
1781 348 1921 396 IVoffizzs
1945 351 1977 381 in
1997 349 2119 383 exerci-

394 412 520 444 tatione
544 407 584 442 de
608 409 727 441 catenis
749 415 880 453 patrum
896 406 992 439 MSS.
1015 402 1101 438 edita
1121 403 1334 451 &Vitebergae
1353 413 1437 444 1712.
1458 415 1532 451 pag.
1551 407 1597 441 18.
1617 400 1678 450 seq.
1700 411 1731 436 et
1747 412 1793 435 21.
1811 403 1867 448 qui
1885 414 1902 434 a
1917 397 2121 434 Corderiana

396 473 467 495 non
486 457 569 493 adeo
592 456 736 492 multum
761 468 811 490 eas
836 453 967 490 differre
988 464 1114 489 monet.
1167 457 1267 490 Certe
1291 467 1331 488 ex
1356 452 1583 502 scriptoribus,
1618 456 1674 501 qui
1697 455 1730 487 in
1753 452 1815 487 illis
1839 454 1997 491 citantur,
2026 451 2121 497 pauci

395 509 486 550 sunt,
515 522 660 558 quorum
680 506 850 552 symbolae
874 509 908 541 in
924 504 1127 542 cordesiana
1144 518 1215 541 non
1235 514 1426 546 occurrant,
1463 514 1496 539 vt
1514 508 1546 540 in
1567 503 1642 539 cod.
1661 505 1842 539 CCXXIII.
1861 504 1990 537 Bai-occ.
2008 502 2119 546 Hlym-

396 564 479 602 tim,
505 564 536 595 et'
551 558 580 604 ᾗ)
600 558 759 605 Iustinus,
789 564 924 605 martyr.
977 560 1088 606 Atque
1111 555 1187 593 cod.
1211 557 1406 592 CCXXXV.
1423 556 1558 595 Barocc.
1581 565 1612 590 et
1635 553 1709 591 cod.
1730 551 1831 590 Laud.
1850 555 1888 588 K.
1905 554 2023 588 XCVI.
2040 552 2120 597 Epi·
2139 577 2142 583 .

391 614 542 658 phanias.
593 610 686 645 Ideni
710 619 819 649 notat,
849 612 883 643 in
904 608 981 643 bibl.
998 606 1179 644 Bodleiana
1195 608 1302 656 plures
1321 607 1443 643 exstare
1461 605 1591 643 codices
1607 609 1804 642 catenarum
1821 605 1916 639 MSS.
1940 607 1972 639 in
1988 603 2120 642 lobum,

397 675 541 712 quorum
559 674 640 696 vnus
667 663 804 695 eximius
829 659 1115 700 membranaceus,
1171 673 1239 708 quo
1259 661 1413 694 Patricius
1429 661 1541 694 Iunius
1563 658 1633 694 vsus·
1658 657 1722 698 est,
1774 657 1910 704 picturis
1935 657 2052 696 etiam,
2079 650 2120 688 ad

396 714 568 749 historiam
594 711 851 761 pertinentibuS‚
906 708 1022 759 pass'un
1048 710 1093 746 est
1119 709 1312 751 illustratuS,
1366 723 1446 760 quas
1479 720 1590 746 tamen
1617 712 1729 746 Iunius
1758 711 1793 744 in
1814 706 1869 743 sua
1896 705 2042 742 editione
2069 717 2122 741 ne-

396 765 508 815 glcxit.

560 866 618 912 [if]
644 868 698 901 IX.
727 867 768 900 In
781 865 955 911 prouerbio
970 865 1129 899 Catenam
1151 875 1348 913 graecorum
1364 872 1494 911 patrum
1508 863 1621 898 nactus
1642 864 1824 901 Theodorus
1841 862 2000 896 Peltmms
2021 858 2121 895 latine

397 920 509 958 vertit,
538 928 571 951 vt
596 916 660 964 ipse
680 920 713 950 in
729 913 914 963 paraphrasi
930 914 1080 961 postuma
1097 913 1356 961 prouerbiorum
1374 914 1581 959 SalomoniS,
1612 920 1783 960 Antweip.
1800 914 1891 954 1607.
1910 923 1942 954 4.
1959 914 2121 946 meminit.

395 969 470 1006 Post
486 972 552 1003 eius
574 977 717 1002 mortem
731 971 757 1008 ‘)
774 964 919 1000 Andreas
934 965 1107 1005 schottus,
1134 963 1326 1012 impellente
1345 966 1494 999 Iohanne
1511 961 1649 1004 Pineda,
1679 967 1736 1012 qui
1751 974 1782 998 et
1797 962 1861 1011 ipse
1877 962 2044 1010 exemplar
2060 964 2122 997 Ca·

395 1031 488 1056 tenac
501 1031 658 1068 graecum
673 1021 802 1053 Romae
817 1016 951 1051 nactum
967 1013 998 1050 se
1014 1015 1162 1056 testatur,
1191 1015 1292 1050 latine
1310 1028 1349 1050 ex
1367 1016 1489 1050 Peltani
1509 1013 1659 1049 versione
1675 1013 1780 1049 edidit
1800 1020 1970 1060 Antxverp.
1987 1014 2073 1055 1614.
2088 1018 2121 1051 8.

396 1070 504 1106 addita
527 1082 642 1119 graece
665 1079 696 1103 et
717 1068 816 1103 latine
832 1069 932 1115 Greg.
948 1067 1195 1115 Thaurnaturgi
1212 1066 1398 1114 paraphrasi
1420 1069 1456 1102 in
1479 1065 1715 1106 ecclesiastem,
1752 1065 1859 1113 quain
1874 1065 1973 1099 latine
1997 1073 2139 1098 tantum*

396 1120 528 1158 Voffius
548 1135 565 1154 a
587 1118 616 1155 se
637 1118 760 1154 versam
783 1118 991 1165 vulgauerat:
1019 1128 1051 1153 et
1068 1114 1225 1153 Francisci
1242 1119 1315 1152 Zini
1331 1114 1362 1162 ⁴¹)
1381 1117 1480 1153 latina
1500 1120 1766 1165 interpretatione
1783 1113 2013 1163 paraphraseos
2030 1126 2120 1162 grae-

395 1186 468 1214 cae,
498 1185 560 1220 qua
582 1173 746 1205 canticum
766 1172 974 1204 canticorum
997 1168 1139 1204 versibus
1160 1169 1302 1217 politicis
1325 1167 1475 1216 exposuit
1489 1169 1593 1203 Mich.
1610 1167 1731 1203 Psenus
1754 1168 1794 1202 ad
1816 1168 2048 1215 imperatorem
2064 1166 2122 1199 Ni-

395 1225 580 1271 cephorum
606 1223 825 1258 Botaniatam.
886 1222 926 1254 In
943 1220 1020 1254 bibl.
1039 1219 1218 1255 Bodleiana
1238 1217 1314 1254 cod.
1335 1221 1538 1254 Barocciano
1553 1218 1759 1259 CCXXXII,
1795 1227 1826 1252 et
1848 1221 1932 1252 inter
1945 1215 2121 1252 Laudanos

395 1278 436 1311 K.
454 1276 572 1310 XCVI.
599 1282 746 1308 catenam
768 1283 919 1319 graecam
941 1269 1108 1318 duplicem
1132 1274 1165 1306 in
1187 1271 1364 1305 Prouerbia
1385 1272 1516 1305 MStarn
1538 1269 1679 1310 exstare,
1715 1278 1873 1304 notarunt
1894 1266 2016 1302 laudati
2038 1269 2122 1302 mihi

394 1325 490 1374 supra
508 1326 651 1360 Grahius
666 1321 767 1371 praef.
789 1321 829 1356 ad
844 1332 926 1356 tom.
942 1324 985 1356 ΙΙ.
1004 1320 1162 1370 spicilegii
1182 1329 1324 1369 patrum,
1353 1335 1390 1356 ac
1408 1320 1549 1367 bVolfins
1565 1323 1598 1355 in
1613 1318 1683 1356 diss.
1701 1319 1741 1355 de
1755 1322 1886 1355 Catenis
1900 1320 1998 1355 MSS.
2021 1331 2052 1366 p.
2072 1330 2121 1363 19·

395 1380 429 1412 in
445 1389 587 1425 quorum
604 1375 701 1410 altera
720 1377 804 1408 inter
819 1373 901 1408 alios
923 1375 1040 1408 citatur
1056 1376 1155 1408 etiam
1172 1372 1308 1421 quidam
1323 1372 1533 1418 Apollonius,
1560 1374 1594 1406 in
1617 1373 1716 1406 altera
1739 1370 1912 1419 aliquoties
1929 1371 2121 1417 Gregorius,

395 1429 642 1464 Nazianzenus.
693 1424 803 1459 Exstat
825 1434 855 1458 et
872 1423 1040 1464 Andreae,
1061 1426 1260 1472 presbyteri,
1283 1425 1407 1458 catena
1423 1426 1455 1458 in
1472 1424 1668 1463 Prouerbia‘,
1697 1423 1771 1458 MS.
1796 1424 1830 1456 in
1852 1421 1927 1456 bibl.
1944 1420 2139 1457 Vindobo-·

394 1477 496 1514 nensi.
550 1477 700 1513 Lambec.
715 1478 774 1514 111.
792 1489 864 1524 pag.
880 1486 936 1517 40.
963 1476 1062 1522 Fahr.
1116 1473 1137 1513 s,
1155 1488 1230 1523 pag,
1248 1485 1318 1517 ¹04·
1340 1472 1390 1508 ed.
1406 1473 1566 1514 Kollarii‚
1599 1472 1639 1508 de
1663 1471 1737 1508 cod.
1758 1474 1876 1507 XXVI.
1899 1469 1990 1507 conf.
2011 1481 2121 1506 autem

395 1529 534 1564 Kollarii
558 1538 627 1563 not.
644 1537 675 1562 et
696 1524 781 1561 infra
804 1527 844 1561 ad
861 1528 891 1574 §.
917 1528 968 1561 XI.
991 1525 1032 1561 de
1045 1525 1196 1561 Andreae
1210 1535 1270 1560 cat.
1289 1528 1322 1560 in
1339 1524 1482 1560 Iesaiam.
1512 1544 1560 1551 --
1612 1527 1778 1559 Praeterea
1798 1522 1937 1571 superest
1952 1534 2063 1557 catena
2084 1525 2122 1559 in

395 1580 573 1616 Prouerbia
595 1582 627 1613 in
651 1576 750 1612 codd.
778 1578 914 1613 deob.
939 1575 1052 1612 caesar.
1068 1580 1126 1612 VI.
1151 1591 1199 1612 nr.
1217 1587 1248 1619 4.
1278 1597 1326 1602 --
1352 1579 1424 1612 VII.
1448 1590 1497 1610 nr.
1517 1587 1535 1610 2
1555 1595 1598 1602 —
1617 1587 1649 1618 4.
1668 1575 1865 1614 Prona-bia.
1905 1573 2118 1616 Ecclessastes‚
2148 1616 2151 1620 .

395 1640 427 1666 et
449 1633 584 1666 Cantica
606 1632 761 1664 cantieor.
785 1642 861 1664 cum
882 1638 1062 1663 comment.
1086 1642 1189 1677 marg.
1214 1641 1242 1663 v.
1259 1629 1371 1663 chmb.
1391 1630 1450 1662 III.
1474 1641 1548 1676 pag.
1564 1638 1615 1671 39,
1638 1640 1714 1661 cum
1738 1625 1881 1661 adnotat.
1902 1625 2058 1665 Kollarii,
2087 1634 2119 1660 et

395 1695 470 1730 pag.
494 1692 547 1723 42.
570 1679 615 1728 sq.
642 1698 694 1705 —-·
720 1681 760 1713 In
782 1677 855 1714 cod.
877 1681 959 1717 LIX.
984 1692 1033 1713 nr.
1061 1690 1088 1722 ς.
1112 1677 1469 1721 anonymtcuiusdam
1496 1678 1671 1726 explicatio
1696 1675 1925 1725 primiversus
1948 1679 2060 1724 capitis
2084 1689 2118 1721 9.

393 1732 548 1768 Prouerb.
565 1730 688 1765 Salom.
741 1731 904 1776 Sapientia
920 1727 1104 1763 aedificatur
1120 1729 1178 1764 fibi
1197 1729 1350 1764 domum.
1371 1743 1401 1767 v,
1420 1731 1528 1766 Lamb,
1550 1730 1607 1763 ΙΙΙ.
1630 1741 1704 1776 pag.
1722 1730 1793 1770 263.
1847 1726 1933 1762 Add.
1956 1728 1994 1762 ad
2011 1729 2042 1773 6.
2060 1729 2116 1762 IV.

395 1782 438 1818 de
458 1785 576 1816 catenis
596 1784 629 1815 in
645 1781 765 1815 lobum
785 1783 900 1815 citatos
921 1778 1032 1822 codd„
1055 1781 1173 1828 quibus
1197 1779 1359 1814 addantur
1379 1781 1562 1814 Florentiae
1585 1782 1618 1813 ir.
1643 1779 1720 1816 bibl.
1744 1782 1894 1814 Laurent.
1923 1777 1996 1816 cod.
2013 1771 2115 1813 XXX.

394 1849 443 1870 nr.
460 1845 489 1877 7,
513 1842 572 1868 cat.
595 1842 723 1879 patrum
746 1834 778 1866 in
790 1832 962 1876 parabolas
978 1833 1154 1866 Salomonis
1175 1841 1235 1866 etc.
1289 1831 1383 1865 Plura
1401 1830 1489 1864 dabit
1504 1831 1648 1865 Bamiin.
1671 1840 1730 1865 cat.
1755 1833 1808 1865 cit.
1832 1833 1856 1868 Ι.
1877 1843 1951 1878 pag.
1970 1841 2038 1872 291.
2066 1848 2117 1855 -

393 1886 555 1920 Minnclm'
571 1887 604 1918 in
623 1883 700 1920 bibl.
720 1883 853 1917 elector.
873 1881 947 1917 cod.
962 1884 1079 1917 XXXI.
1094 1893 1205 1917 catena
1222 1885 1255 1917 in
1273 1882 1460 1917 Prouerbia.
1485 1895 1515 1916 v.
1529 1891 1587 1916 cat.
1607 1879 1704 1917 codd.
1721 1893 1772 1928 gr.
1787 1884 1898 1917 ssauar.
1919 1874 1993 1928 pag.
2009 1885 2040 1918 8.
2065 1897 2116 1906 -—

395 1933 480 1971 Add.
497 1937 593 1983 Ittig.
608 1947 681 1983 pag.
702 1935 770 1968 621.
786 1932 834 1983 sq..
846 1943 876 1968 et
894 1935 928 1968 1..
940 1934 983 1969 G.
1002 1935 1116 1971 Walclz
1134 1934 1214 1969 bibl.
1228 1932 1354 1982 patriti.
1364 1945 1439 1981 pag.
1459 1943 1525 1977 195.
1540 1930 1587 1981 sq.
1641 1933 1739 1967 Harl.

1975 2034 2116 2079 Scripto-

437 2185 472 2225 ὃ)
493 2185 572 2217 Vide
587 2186 699 2218 Grab'ii
714 2186 853 2228 spicileg..
869 2193 942 2216 tom.
963 2188 1006 2216 11..
1027 2197 1061 2227 p..
1080 2195 1152 2224 174.⁴
1175 2220 1178 2223 ¹
1286 2184 1292 2190 ⁸
1323 2185 1366 2225 d)
1389 2186 1423 2214 In
1438 2186 1571 2226 primum
1587 2184 1781 2225 caput-vertit
1798 2185 1935 2214 Schotms
1951 2183 2023 2224 ipse,
2047 2185 2115 2213 lini

437 2231 468 2270 ε)
489 2228 577 2260 Obiit
594 2230 740 2259 Pi'ltanus
755 2230 899 2265 Augustae
909 2227 1028 2259 Vindel.
1048 2229 1231 2264 a.Ch.158‘4=..
1281 2230 1424 2258 vei-storiis
1453 2226 1551 2256 adhuc
1580 2229 1719 2262 ignarus,
1765 2237 1839 2266 quac
1863 2229 1896 2257 in
1918 2225 2118 2258 Theodoreti.

394 2282 432 2302 11.
451 2274 536 2302 Maii.
581 2274 624 2302 De
646 2283 681 2300 eo
701 2271 876 2301 consulendi
894 2270 1233 2302 bibliothecammsselk-
1281 2270 1397 2313 scriptis
1421 2269 1516 2300 latens
1537 2279 1604 2299 eum
1624 2268 1768 2306 fugiebat.

393 2316 527 2352 gicarum
544 2323 574 2345 et
585 2313 791 2346 Iesuiticarum
803 2313 973 2355 scriptores.
