2109 2761
701 154 936 193 EPHRAIMI
964 152 1295 192 lNTERPRETES
1511 156 1585 190 Lib.
1603 154 1647 191 V.
1672 167 1697 190 c.
1714 155 1763 191 II.
1823 166 1880 200 253

113 159 242 188 nivi.
256 166 286 196 p.
296 157 428 192 333P³8⁴

112 262 161 298 mi
183 255 339 307 opuscula
357 268 397 290 ex
415 255 490 290 Ziui
513 253 785 301 interpretatione
799 251 971 303 Dillingae
993 253 1094 287 etiam
1117 247 1277 300 prodiisse
1294 247 1405 286 scribit
1425 249 1483 296 [if]
1506 252 1684 292 Simlcrur,
1714 261 1747 287 et
1769 265 1810 287 ex
1835 264 1876 287 eo

109 312 258 348 Labbeus
280 319 364 344 tom.
382 309 408 343 I.
431 318 504 356 pag.
522 311 594 350 283,
613 304 655 340 dc
675 306 706 340 S.
723 307 760 341 E.
782 307 944 341 nimirum
962 319 990 340 a.
1011 306 1098 350 1562.
1116 313 1214 352 atque
1234 301 1320 338 adeo
1344 311 1419 338 ante
1433 301 1622 340 edition-em
1640 307 1803 339 Venetam
1829 308 1876 347 (a.

113 362 220 411 1574.)
243 374 343 412 quam
366 357 521 396 recensui.
576 360 660 393 Sunt
685 360 767 394 enim
790 359 866 393 mihi
886 359 931 393 ad
948 370 1063 392 manus
1089 354 1335 400 (accuratissimi
1356 357 1470 404 litigii
1487 356 1587 391 verba
1608 355 1681 393 sunt
1703 354 1806 405 praef.
1829 355 1876 392 aul

109 415 234 453 librum
257 412 298 450 de
321 412 532 448 bibliothecis
549 420 681 459 patrum
698 424 728 459 p.
748 411 915 453 LXXIII.)
931 411 1045 445 diuina
1064 410 1219 457 quaedam
1236 409 1269 446 S.
1286 408 1450 454 Ephraem
1468 420 1564 454 opera
1583 423 1598 443 e
1616 422 1733 458 graeca
1759 410 1874 458 lingua

109 470 143 504 in
163 470 296 503 latinam
315 463 416 512 uersa,
444 465 548 499 Peri-0
564 464 735 510 Ram-isco
753 465 840 510 Zigio
857 465 1044 509 interprete,
1071 462 1243 509 Dilliagae
1258 462 1344 506 1562.
1362 460 1451 507 apud
1463 461 1631 496 Sebaldum
1646 463 1774 510 Mayer.
1829 464 1874 496 At

112 523 202 556 enim
224 520 411 555 Tcntzelius
428 530 459 565 p.
476 522 542 555 281.
561 514 632 551 diff.
654 515 763 551 select.
781 526 898 565 negat,
928 512 1022 565 quod
1038 513 1234 563 Dillingana
1255 511 1358 547 editio
1378 514 1462 548 Zino
1485 511 1662 559 debeatur,
1690 527 1769 561 quae
1790 517 1871 550 enim

109 573 284 621 Dillingae
305 585 332 606 a.
356 572 442 614 1563.
466 568 615 615 impr-effa
640 569 774 616 miliique
799 569 843 603 ad
857 580 971 604 manas
981 567 1087 615 sunt,
1115 565 1335 612 olstetricaate
1354 565 1478 600 Iacobo
1495 564 1702 601 Menchusio
1717 565 1871 602 Belssano

111 627 206 662 hiem
222 624 379 670 publicam
397 620 623 668 αιζβρεκεηιηί,
649 621 704 669 qni
720 625 751 656 in
771 621 963 656 dedicatione
978 618 1094 666 refert,
1122 618 1203 653 duos
1213 619 1278 668 fibi
1295 618 1340 652 ad
1353 615 1574 664 ›nanusfinffl
1589 619 1742 665 antiquos
1754 620 1872 654 codices

111 679 231 714 latinos
245 677 343 713 MSS,
366 676 403 708 ab
429 686 537 708 varias
559 672 624 709 123.
645 674 793 708 nonnihil
811 672 1037 721 discrepantes.
1091 671 1234 707 Duabus
1253 682 1376 718 quoque
1393 672 1548 718 partibus
1564 669 1777 718 algsolauntur
1794 684 1871 717 opu—

99 730 196 779 fiula
215 729 390 775 Ephracmi
403 727 441 762 ab
456 725 525 773 ipsi)
539 726 643 767 edita,
665 727 762 772 prior
778 724 899 772 constat
915 726 1026 760 libellis
1047 726 1198 774 quinque
1217 720 1259 758 de
1275 721 1452 758 tremendo
1469 720 1522 757 die
1540 720 1655 758 iudicii
1677 733 1710 757 et
1733 721 1871 759 resurre—

109 783 223 819 stione
245 777 440 815 vainei-sali,
471 777 512 813 de
532 775 735 813 iucunditate
751 788 782 812 et
798 775 924 826 gaudio
940 775 1163 825 supernorum
1177 777 1305 811 ciuium
1323 785 1354 810 et
1370 777 1463 824 regni
1482 774 1682 815 coelorum,
1711 773 1753 811 de
1773 789 1871 810 mun-

111 833 190 870 ditia
207 834 335 868 animae
350 841 383 866 et
398 829 550 866 laudibus
565 831 661 864 CHR
670 830 774 870 ISTI,
798 829 961 876 posterior
975 831 1115 864 continet
1130 831 1260 863 monita
1277 829 1312 864 B.
1331 829 1499 876 Ephraem
1518 825 1560 862 de
1574 824 1707 862 defectu
1733 827 1869 875 religio-

110 889 182 928 nis,
217 883 257 920 de
280 883 486 932 poenitentia
504 883 542 924 ').
597 880 720 917 Gallice
739 883 838 917 vertit
861 881 1025 932 pleraque
1048 879 1240 929 anciscus
1263 880 1520 920 Feuardentius‚
1547 876 1642 918 Paris.
1668 890 1758 926 1579-
1784 884 1871 925 1583.

110 948 204 983 1590.
227 937 323 971 1602.
350 939 384 973 8.

277 1038 424 1076 Gerardi
444 1038 544 1086 Vqffii
559 1038 773 1089 Tungrenfis
790 1037 911 1081 editio,
939 1052 1042 1090 quarn
1062 1049 1168 1076 totam
1185 1038 1354 1076 recensent
1367 1040 1526 1081 Labbeus‚
1551 1040 1695 1083 Canens,
1725 1036 1868 1088 [Oudin.

108 1101 142 1128 et
156 1088 363 1138 Affemann]
381 1093 532 1140 primum
545 1090 658 1127 lueern
673 1089 758 1126 vidit
771 1093 906 1128 Romae
922 1093 1024 1128 tribus
1041 1091 1108 1128 vol.
1125 1104 1273 1141 quoium
1291 1094 1317 1128 1.
1334 1097 1425 1136 1589.
1444 1094 1485 1127 11.
1505 1103 1592 1138 1593.
1605 1088 1639 1135 s)
1655 1103 1687 1128 et
1702 1095 1760 1128 111.
1778 1103 1868 1137 ¹597·

106 1141 170 1180 fol.
193 1142 330 1192 prodiit.
385 1141 514 1178 Recusa
535 1144 669 1179 auctior
687 1142 816 1179 Colon.
834 1147 924 1188 1603.
947 1151 980 1179 et
996 1146 1084 1189 1619.
1099 1146 1210 1187 (cuius
1226 1142 1385 1180 editionis
1406 1144 1650 1193 exemplaribus
1669 1142 1869 1194 quibusdam

105 1195 274 1245 praefixus
294 1209 322 1230 a.
348 1195 461 1240 1675.)
484 1203 516 1230 et
533 1197 710 1244 Antwerp.
737 1197 826 1240 1619.
882 1197 1063 1232 Sermones
1083 1196 1214 1245 aliquot
1238 1209 1278 1233 ex
1303 1194 1452 1232 eiusdem
1469 1199 1744 1246 interpretati0ne
1764 1193 1869 1244 prod-

107 1251 214 1283 ierant
238 1248 372 1283 Romae
397 1250 485 1290 1582.
518 1258 552 1289 4.
566 1248 600 1292 ἱ)
622 1257 655 1282 et
677 1248 887 1296 Ephraemus
913 1245 955 1284 de
976 1245 1126 1295 pastione
1149 1249 1347 1285 CHRISTI
1372 1258 1404 1283 et
1428 1249 1538 1284 threni
1563 1246 1701 1285 sandliss.
1719 1249 1869 1297 Virginis

104 1311 214 1349 prope
237 1310 371 1333 crucem
388 1296 498 1334 flantis
520 1296 600 1334 ibid.
619 1304 704 1344 1585.
721 1306 767 1337 12.
821 1298 1036 1336 Parifiensem
1051 1295 1239 1336 editionem¹
1251 1301 1403 1350 Operum
1417 1301 1597 1350 Ephraemi
1614 1314 1655 1337 ex
1669 1298 1777 1336 Voffii
1797 1313 1869 1335 ver-

105 1349 200 1386 {ione
217 1360 384 1386 memorat
398 1349 627 1401 Combefifius
649 1354 685 1386 in
709 1350 787 1387 bibl.
803 1354 1080 1395 concionatoria,
1109 1362 1194 1388 tom.
1210 1355 1236 1388 1.
1257 1366 1290 1402 p.
1309 1364 1358 1388 10.
1381 1356 1586 1395 memoriae,
1612 1356 1647 1389 ni
1673 1350 1793 1394 fauor,
1821 1351 1868 1388 la·

105 1400 163 1452 psu
182 1414 245 1451 pro
264 1400 532 1450 Antwerpienfi,
559 1401 621 1438 nisi
638 1403 768 1441 Claudii
787 1405 826 1440 de
845 1403 1023 1440 Chautelou
1046 1404 1286 1440 bibliothecam
1309 1403 1498 1446 asceticam,
1526 1404 1655 1441 Parisiis
1677 1419 1705 1440 a.
1728 1406 1817 1439 1661.
1833 1415 1868 1448 4.

103 1453 160 1493 sex
174 1453 405 1490 voluminibus
422 1450 545 1488 editam
569 1454 752 1501 intellexit,
778 1458 871 1491 euius
896 1465 995 1491 tomo
1017 1457 1056 1491 11.
1073 1465 1105 1492 et
1123 1458 1182 1492 111.
1201 1458 1308 1493 multa
1325 1459 1506 1506 Ephraemi
1524 1457 1627 1493 latine
1641 1460 1870 1494 eontinentur.

104 1507 152 1555 [v.
169 1503 291 1543 Affem.
315 1518 348 1554 p.
365 1507 404 1540 C.
428 1502 491 1553 sq.]
546 1507 643 1556 Qae
660 1509 695 1542 in
709 1505 869 1542 Voffiana
893 1505 1043 1544 editione
1065 1506 1294 1545 desiderantur
1311 1510 1491 1557 Ephraemi
1509 1508 1644 1546 Cantica
1665 1512 1697 1544 in
1711 1511 1867 1544 nativita-

44 1591 48 1594 ,
104 1567 168 1596 tem
185 1560 325 1596 Domini
343 1564 373 1593 et
389 1558 610 1603 Epiphaniam
625 1557 694 1593 ssue
709 1560 746 1593 de
762 1560 877 1595 Maria
892 1566 923 1595 et
936 1562 1060 1609 ntagis,
1087 1573 1128 1596 ex
1150 1559 1278 1607 syriaco
1295 1561 1399 1597 latine
1417 1559 1546 1596 reddita
1567 1575 1628 1610 per
1642 1561 1867 1597 Abrahamum

105 1610 345 1658 Ecchellcnsem,
375 1608 527 1657 vulgauit
542 1611 592 1646 Io.
606 1609 760 1658 Baptista
774 1613 896 1648 Marus
907 1609 940 1654 '¹)
956 1613 1130 1661 presbyter
1145 1613 1321 1649 Romanus
1338 1615 1363 1648 I.
1379 1616 1421 1649 V.
1438 1613 1480 1648 D.
1502 1624 1534 1649 et
1551 1613 1747 1660 collegiatae
1761 1612 1868 1648 eccle-

106 1662 170 1701 fiae
192 1665 224 1699 S.
246 1662 369 1712 Angeli
389 1665 426 1697 in
445 1658 526 1698 foro
546 1659 690 1712 piscium
711 1666 905 1700 canonicus.
927 1665 1034 1701 Rom.
1059 1666 1149 1710 1645.
1168 1675 1199 1707 4.
1227 1666 1330 1702 Fahr.
1381 1667 1553 1702 Praeterea
1572 1666 1766 1702 Bollandini
1778 1664 1867 1713 finit*

1145 1717 1192 1753 li
1219 1727 1239 1759 3
1827 1720 1866 1753 in

1052 1819 1097 1863 g)
1119 1818 1297 1863 Afflmann.
1314 1823 1336 1853 1.
1355 1832 1424 1864 pag.
1443 1824 1541 1855 xvn.
1563 1830 1668 1853 notam
1689 1823 1762 1853 anni
1785 1827 1863 1859 1582.

1009 1874 1047 1895 ex
1066 1875 1176 1895 errore
1196 1867 1420 1908 typographico
1437 1875 1537 1896 ortam
1558 1865 1617 1896 ess'e
1637 1874 1738 1902 ratus,
1766 1866 1864 1895 osten-

149 1822 177 1854 ε)
199 1820 364 1850 Enimuero
377 1818 498 1851 'Tenzel
517 1827 546 1850 et
561 1820 720 1851 Fabricius
738 1827 861 1858 errant,
883 1831 959 1852 con-

106 1860 265 1892 fin-dendo
300 1863 387 1893 binas
423 1862 602 1902 Dilinganas
637 1863 802 1895 editiones.
869 1867 958 1896 Prior

101 1906 187 1936 'enim
204 1905 279 1936 edit.
295 1916 323 1936 a.
339 1912 419 1943 1562.
437 1906 652 1949 completffitur
665 1907 823 1950 opuscula,
848 1919 864 1938 a
878 1910 956 1939 Zino

105 1949 270 1981 conuersaa
302 1951 454 1991 posterior
474 1959 575 1980 autern
596 1961 624 1981 a.
644 1958 720 1989 1563.
741 1952 957 1982 obstetricante

104 1995 164 2024 lac.
189 1994 366 2023 Menehufio
395 1995 427 2023 in
452 1992 550 2024 lucem
574 1995 679 2025 emiss‘a
703 1997 840 2025 continet
865 2006 955 2038 quos-

47 2038 49 2040 ’
105 2035 174 2066 dam
193 2037 357 2078 Ephraemi
381 2035 468 2066 serm.
489 2046 644 2074 anonymo
661 2041 848 2080 interprete,
877 2049 954 2080 quos

103 2079 184 2110 idem
209 2081 401 2110 Menchufius
423 2081 456 2109 in
479 2079 578 2120 praef.
601 2082 755 2118 recenset,
787 2081 955 2113 adnotante

97 2121 215 2167 Affem.
236 2135 268 2166 p.
284 2126 366 2155 XIV.
383 2123 426 2166 sq.
472 2123 569 2154 Harl.

139 2209 180 2252 f)
203 2210 417 2244 Emendandae
430 2209 589 2242 Tentzelii
606 2210 673 2243 dim
692 2212 818 2244 selectae
835 2224 866 2256 p.
884 2223 954 2252 279·

104 2255 156 2285 vbi
176 2253 286 2293 legitur
307 2254 476 2285 editionem
495 2257 567 2285 anui
589 2262 664 2293 1589.
686 2256 822 2288 recusam
839 2258 955 2288 amilius

103 2308 132 2329 a.
157 2308 231 2336 1593.
285 2299 446 2337 [Tertium
470 2297 533 2329 vol.
556 2301 756 2331 MDxcvm.
777 2300 954 2340 euulgatuin

102 2341 184 2378 effe,
229 2341 334 2372 scribit
354 2340 560 2383 Affemoennus
583 2345 607 2373 1.
633 2355 664 2385 p.
689 2346 769 2375 XVI.
793 2345 847 2375 vbi
869 2353 900 2375 et
922 2356 952 2388 p.

99 2387 293 2461 ZXXXVUI.
312 2385 376 2430 sqq.
394 2387 547 2429 copiosius
569 2387 706 2419 recenset
726 2385 802 2419 edit.
818 2388 953 2421 Voffiau.

135 2429 211 2470 arl.]
919 2430 922 2431 ⁷

1010 1906 1068 1946 dit,
1085 1907 1172 1938 illam
1184 1918 1348 1939 romanam
1365 1910 1502 1950 quinque
1518 1905 1863 1951 sermonum‘Ephraem.

1009 1950 1084 1982 edit.
1101 1951 1250 1993 prodgiss‘e
1271 1963 1339 1982 cum
1356 1951 1481 1982 scholiis
1498 1952 1583 1984 Voss.
1605 1963 1640 1983 ex
1656 1952 1863 1995 typographia

1007 1997 1170 2032 Vaticana,
1194 2005 1275 2033 159²·
1289 2006 1319 2032 4.
1338 2003 1368 2025 et
1382 2005 1451 2037 pag.
1469 1999 1503 2027 C.
1521 1995 1572 2026 dat
1585 1995 1720 2028 indicem
1735 1994 1864 2027 illorum

1008 2041 1047 2071 V.
1066 2038 1241 2069 sermonum
1257 2039 1442 2081 pleniorem.
1486 2040 1584 2072 Harl.

1053 2124 1088 2160 12)
1110 2123 1195 2156 Idem
1207 2126 1324 2158 Marus
1341 2125 1439 2157 edidit
1455 2126 1608 2157 sermones
1623 2126 1742 2167 aliquot
1757 2126 1784 2155 S.
1800 2126 1863 2155 Au·-

1009 2170 1120 2208 gustini
1145 2179 1163 2198 e
1186 2169 1261 2200 bibl.
1285 2172 1433 2202 Vaticana
1455 2179 1485 2200 et
1505 2171 1671 2201 Barberina
1693 2179 1760 2198 cum
1780 2169 1860 2197 notit

1010 2216 1099 2244 Rom.
1122 2218 1208 2250 1644.
1227 2225 1258 2251 4.
1306 2216 1375 2244 Eius
1399 2213 1570 2243 sermonem
1594 2216 1626 2244 in
1652 2211 1746 2243 natali
1764 2213 1792 2242 S.
1811 2214 1860 2241 Io-

1007 2257 1118 2287 hannis
1134 2259 1293 2298 Baptistae.
1308 2256 1392 2286 ibid.
1409 2263 1496 2296 1647.
1514 2269 1546 2294 4.
1592 2258 1665 2288 Aeta
1683 2258 1729 2287 SS.
1749 2262 1859 2290 marty-

1007 2312 1093 2337 rum,
1110 2301 1306 2331 Paterinuthii
1324 2303 1466 2341 copretis
1489 2308 1519 2330 et
1532 2300 1706 2332 Alexandri.
1730 2303 1810 2335 1645.
1826 2307 1857 2334 4.

1006 2345 1143 2377 νὶᾶοτίε
1168 2353 1265 2386 papae
1287 2347 1342 2375 111.
1375 2344 1540 2374 sermones.
1565 2350 1640 2381 1615.
1667 2350 1691 2377 8.
1721 2351 1751 2371 et
1779 2341 1858 2371 Petri

1006 2387 1303 2430 Damiauiopuscula
1321 2386 1359 2417 de
1371 2389 1447 2418 viris
1463 2384 1858 2420 illustribusCafineufibm

1004 2436 1083 2470 1655.
1108 2437 1134 2466 8.
