2109 2761
88 141 237 171 v01.vn.
254 146 353 178 12-510
586 141 819 179 GRrGoRn
845 143 949 180 NAz.
979 144 1234 182 111111οΝ115
1262 135 1353 183 011.>
1486 149 1615 186 11111.
1630 149 1732 186 ..1.1.
1788 163 1848 196 395

8 257 16 264 .
83 237 252 279 Fabricius
275 234 394 289 paullo*
408 237 489 274 'ante
512 236 680 288 scripserat
702 236 861 288 prodiisse
878 237 972 278 Paris
994 249 1024 275 et
1039 240 1167 276 Colon.
1187 252 1275 287 1570.
1297 255 1315 277 a
1332 242 1504 278 Maittaire
1525 247 1558 279 in
1572 250 1612 283 A.
1630 247 1677 281 T.
1696 248 1751 282 III.
1767 260 1841 297 pag.

83 295 162 338 746.
177 291 337 330 adseritur
354 290 448 328 Paris.
465 306 493 326 a.
510 294 599 338 ¹569·
616 302 648 327 et
664 291 800 340 plenior
817 290 986 340 inscriptio
1005 291 1170 329 redditur:
1201 294 1251 330 D.
1268 295 1372 344 Greg.
1390 294 1481 331 Naz.
1497 297 1628 343 Opem,
1657 311 1735 334 cum
1750 301 1843 334 Nise-

81 354 134 382 tae
150 347 295 381 Sei-romi
315 347 584 385 commentariis,
614 341 813 393 quibusdam
831 343 933 392 Pseui
949 346 1214 381 enarrationibus
1235 356 1266 382 et
1284 348 1401 383 Nomii
1418 347 1582 397 opusculo
1604 353 1639 386 in
1661 352 1844 387 inuectiuas

12 425 17 429 .
81 396 234 434 aduersus
258 396 448 439 Iulianum3
489 399 604 431 omnia
626 409 717 431 nunc
739 398 887 444 primum
911 397 1012 432 latina
1038 395 1122 433 farsia
1143 400 1251 434 Iacobi
1273 401 1367 436 Bimi
1387 402 1528 436 Prunaei
1553 403 1586 438 S.
1610 404 1787 439 Michaelis
1808 408 1843 440 iu

79 453 207 487 Eremo
223 449 348 484 abbatis
364 447 536 498 diligentia
551 459 581 483 ct
600 448 728 490 labore,
756 462 833 484 cum
849 447 997 484 eiusdem
1017 450 1168 485 breuibus
1184 449 1330 488 scholiis,
1347 449 1441 488 Paris.
1461 467 1511 502 ap.
1532 457 1577 490 lo.
1596 457 1705 491 Bene·
1717 466 1843 492 natum.

82 504 176 549 1569.
195 500 258 538 fol.
273 503 383 537 Maitt.
400 503 434 535 in
450 511 530 535 nota
547 502 570 535 d
584 513 623 536 ex
641 500 728 536 Billii
751 497 900 549 prat-sart.
916 501 1076 552 quaedam
1093 503 1266 552 excerpsit,
1297 507 1330 540 in
1346 518 1488 554 quarum
1504 509 1619 554 priore
1637 508 1756 543 Billius
1769 507 1843 544 scri-

80 554 175 605 plit‘‚'
193 554 225 590 se
242 567 284 590 ex
301 552 481 602 permultis
504 550 820 603 castigatill'unisque
843 556 878 589 in
903 557 1035 603 reginae
1058 555 1259 591 bibliotheca
1276 556 1520 606 exemplaribus
1543 558 1745 596 consuluisse
1766 559 1844 598 cod.

81 606 274 656 capitalibus
305 605 421 641 littei-is
448 616 618 641 exaratum
641 615 672 640 et
701 607 813 641 tantae
828 606 1055 656 antiquitati3‚
1099 617 1133 642 vt
1158 607 1258 656 ipsius
1281 608 1535 657 propemodum
1559 612 1716 660 Gregorii
1740 622 1843 648 aetate

79 657 218 708 scriptus
239 655 304 694 effe
327 656 518 700 videretur,
552 670 697 707 cumque
712 668 842 706 praeter
861 657 1016 707 epistolas
1037 667 1069 695 ct
1083 658 1191 695 versus
1210 664 1326 696 omnia
1343 660 1442 709 ipsius
1464 673 1564 710 opera
1583 666 1767 699 continere.
1792 683 1842 692 ·—

78 712 196 750 Altera
219 709 270 746 ed.
294 709 403 756 Paris.
423 716 506 754 1583.
533 712 687 758 repetitio
709 712 831 758 prioris
855 708 919 746 ess'e
941 710 1082 748 vitietur.
1138 714 1302 751 Continet
1320 716 1410 750 enim
1435 713 1572 750 cosdem
1591 728 1729 766 quoque
1751 730 1841 753 com-

80 765 274 807 meum-ios.
294 775 323 798 v.
344 773 406 799 cat.
427 762 506 798 bibl.
525 760 676 798 Leidens.
696 775 729 813 p.
746 764 801 807 46.
856 764 956 804 Harl.
1034 768 1042 770 ’
1162 769 1168 774 “

865 869 1055 910 Graecae,

91 944 95 946 ’
225 951 228 954 ’
248 947 367 981 Venet.
389 948 473 992 1516.
490 944 580 996 apud
596 944 736 989 Aldum,
766 952 796 987 8.
815 941 959 983 sedecim
974 950 1156 989 orationes,
1186 957 1216 983 et
1234 947 1318 984 aliae
1333 960 1461 984 nouem
1481 951 1565 995 1536.
1585 955 1615 989 8.
1643 953 1740 988 Fabr.
1790 954 1844 989 De

77 989 268 1048 prioreued.
291 997 370 1034 Ald.
396 997 515 1046 (cuius
537 1000 694 1049 exemplo
719 1002 754 1036 in
778 998 857 1034 bibl.
875 1000 1004 1035 Barber.
1025 997 1202 1049 adscriptae
1225 999 1299 1036 sunt
1320 1011 1420 1037 notae
1442 1001 1611 1052 margin.)
1634 1017 1663 1038 v.
1688 1004 1784 1052 plura
1808 1008 1844 1041 in

78 1050 171 1087 Set-ie
189 1048 269 1085 dell'
284 1049 379 1086 Ediz.
398 1050 519 1086 Aldine
534 1066 566 1101 p.
581 1062 637 1094 40.
659 1063 690 1086 et
712 1054 746 1087 in
759 1052 911 1086 Panzeri
926 1054 966 1086 A.
985 1052 1030 1086 Τ.
1049 1054 1140 1088 VIII.
1154 1065 1188 1102 p.
1205 1063 1277 1095 432.
1299 1051 1345 1102 sq.
1367 1051 1407 1088 de
1421 1053 1608 1104 posteriore
1625 1065 1737 1093 autem
1752 1058 1842 1093 Serie

80 1113 141 1139 etc.
160 1116 193 1153 p.
209 1113 265 1145 70.
280 1112 312 1137 et
327 1103 477 1139 Panzer.
495 1103 518 1138 l.
536 1117 563 1139 c.
581 1116 614 1152 p.
631 1114 696 1148 553.
724 1122 777 1131 ·-
803 1101 999 1140 addantur:

132 1226 135 1228 ,
250 1189 289 1223 Iu
313 1187 391 1224 bibl.
417 1190 598 1225 Barberina
616 1192 640 1226 1.
665 1203 739 1240 pag.
759 1201 836 1235 493.
866 1209 915 1216 —
950 1192 1155 1227 Orationum
1179 1200 1210 1225 et
1229 1189 1445 1240 epistolarum
1469 1190 1663 1229 selectarum
1688 1204 1800 1230 tomus
1816 1198 1840 1232 Ι.

79 1251 206 1292 graece.
229 1241 363 1275 Romae
380 1246 410 1280 8,
435 1239 490 1276 sed
513 1245 588 1290 quia
609 1242 701 1278 nulla
724 1246 802 1278 anni
827 1252 907 1278 nota
929 1240 1114 1286 indicatur,
1156 1241 1293 1292 quando
1312 1244 1370 1280 illa
1394 1243 1517 1286 editio,
1547 1259 1648 1294 quam
1668 1259 1780 1295 neque
1801 1249 1842 1283 ab

79 1287 294 1332 Audisti-edo,
323 1304 433 1342 neque
453 1306 470 1326 a
486 1295 659 1330 Maittario
675 1294 826 1344 aliisque,
856 1307 942 1343 quos
957 1291 1124 1335 consului,
1153 1305 1374 1338 memoratur,
1404 1310 1444 1332 ex
1460 1297 1558 1345 prelo
1575 1300 1702 1339 exierit,
1733 1298 1842 1334 dicere

79 1355 223 1394 nequeo.
252 1361 302 1370 —
356 1346 409 1380 De
430 1359 547 1396 graeca
563 1347 713 1382 Brtmelli
735 1346 788 1382 ed.
816 1360 956 1382 romana
979 1359 1057 1381 cum
1081 1346 1280 1395 quibusdam
1300 1348 1413 1384 Iustini
1434 1358 1534 1398 atque
1551 1349 1724 1386 Athanasii
1745 1360 1842 1387 oratt.

79 1405 179 1446 atque
201 1408 275 1445 epp.
292 1404 323 1430 et
339 1401 453 1444 paucis
469 1400 628 1448 Gregorii
642 1399 680 1433 T
682 1399 826 1434 haumat.
846 1412 877 1434 v.
894 1398 989 1448 supra
1006 1398 1074 1434 vol.
1095 1401 1168 1435 VII.
1187 1412 1220 1448 p.
1239 1411 1310 1445 259.
1616 1419 1618 1421 >

250 1483 290 1516 In
311 1482 407 1518 catal.
433 1482 511 1518 bibl.
526 1484 661 1520 Askev.
683 1498 716 1534 p.
732 1487 786 1520 62.
805 1499 854 1521 nr.
871 1487 961 1531 1695,
979 1488 1127 1521 occurrit
1142 1483 1194 1521 ed.
1227 1487 1386 1534 Gregorii
1400 1496 1495 1523 oratt.
1515 1486 1619 1530 duae,
1648 1503 1786 1540 graece,
1810 1502 1841 1534 4.

79 1533 136 1574 sed
151 1544 229 1570 nota
246 1537 324 1569 anni
340 1544 371 1569 et
385 1535 455 1570 loci
472 1535 517 1570 est
532 1535 669 1579 oinissa3
699 1558 747 1563 —
776 1540 810 1572 in
827 1537 920 1572 catal.
936 1548 1047 1573 autem
1064 1539 1088 1572 I.
1106 1538 1137 1572 S.
1157 1538 1311 1578 Moerin,
1337 1549 1419 1586 part.
1437 1541 1478 1574 ΙΙ.
1495 1553 1570 1589 pag.
1585 1552 1660 1586 399.
1680 1557 1730 1582 111,
1744 1549 1842 1586 4824.

83 1590 185 1636 (ἶνες.
205 1588 294 1623 Naz.
311 1584 418 1633 sermo
438 1585 514 1626 adu.
533 1601 605 1630 eos,
633 1592 690 1638 qui
706 1592 908 1639 importunis
923 1589 1030 1640 dispp.
1046 1589 1198 1640 euangel.
1215 1592 1443 1640 prophanam,
1472 1602 1503 1628 et
1521 1587 1739 1642 Clnysostomi
1761 1607 1844 1632 0011-

79 1644 134 1677 nio
153 1639 193 1676 de
209 1638 388 1689 magilh'at.
403 1651 452 1688 gr.
469 1639 492 1677 s.
508 1639 536 1684 l.
549 1651 581 1677 et
601 1655 629 1677 a.
650 1647 682 1682 8.

251 1727 365 1776 Basilii
382 1729 432 1764 M
450 1737 481 1763 et
499 1729 660 1778 Gregorii
676 1730 847 1766 Nazianz.
871 1727 1136 1779 theologorum,
1166 1729 1344 1778 epistolae,
1374 1743 1509 1779 graece.
1538 1747 1723 1784 numquam
1747 1746 1840 1770 antea

81 1779 209 1817 editae:
228 1793 316 1814 rcum
337 1777 474 1828 praefat.
492 1780 679 1830 Obsopaei.
708 1783 913 1832 Hagenoae.
943 1784 994 1817 Io.
1011 1783 1170 1818 Seceri'us.
1187 1788 1275 1828 1528.
1293 1788 1322 1822 8.
1346 1795 1375 1819 ν.
1393 1785 1591 1821 Lambaclzer
1606 1787 1627 1821 l.
1646 1800 1673 1823 c.
1693 1800 1770 1836 pag.
1789 1793 1841 1827 88.

83 1843 115 1868 et
131 1833 276 1868 Panz'er.
294 1833 371 1867 th.
395 1845 472 1882 pag.
492 1844 562 1871 101:
578 1847 628 1870 111.
643 1834 720 1874 268.
745 1853 796 1862 —
829 1833 1010 1871 Parabolae
1032 1837 1159 1884 graecis
1178 1834 1325 1871 versibus
1350 1833 1565 1886 conscriptae.
1582 1837 1676 1875 Basil.
1699 1850 1788 1884 1529·
1809 1850 1841 1882 4.

81 1896 113 1927 v.
137 1894 197 1920 eat.
222 1883 300 1919 bibl.
322 1882 416 1922 Leid.
438 1897 470 1934 p.
487 1887 540 1928 46.

253 1971 357 2019 Greg.
378 1972 468 2008 Naz.
493 1974 528 2009 in
550 1972 721 2010 Iulianum
739 1975 906 2011 inueffiua
928 1976 1031 2023 prior.
1048 1986 1098 2022 gr.
1121 1971 1212 2022 apud
1229 1974 1383 2010 Wechel.
1400 1973 1496 2012 Paris
1515 1986 1596 2022 1531.
1616 1988 1647 2020 4.
1675 1996 1727 2005 —
1763 1978 1843 2027 Epi-

84 2021 188 2060 fiolae
204 2024 367 2058 CCXLV.
386 2037 436 2073 gr.
456 2037 534 2060 cum
551 2027 680 2076 Bcfilio.
698 2026 793 2063 Bassl.
811 2040 862 2076 ap.
875 2027 1016 2062 Froben.
1038 2037 1122 2070 ¹53²·
1140 2023 1202 2063 fol.
1230 2047 1282 2053 —
1309 2026 1519 2077 Tragoedia,
1542 2028 1692 2064 Christus
1704 2033 1842 2078 patiens.

85 2088 134 2126 gr.
151 2077 284 2112 Romae
298 2087 358 2123 per
371 2077 500 2112 Anton.
515 2077 668 2114 Bladum.
686 2090 774 2124 1542.
791 2086 822 2119 8.
849 2097 902 2107 —
927 2077 1057 2115 Eadem
1075 2075 1169 2114 Paris.
1186 2077 1275 2129 apud
1293 2080 1342 2116 W
1343 2081 1447 2117 esbel.
1467 2091 1557 2126 1544.
1575 2086 1606 2121 8.
1662 2083 1762 2118 Harl.

254 2148 350 2189 Paris.
376 2164 466 2198 1544.
493 2153 582 2203 apud
605 2156 760 2193 Wechel.

253 2229 396 2266 Basileae
416 2245 444 2266 a.
463 2242 549 2276 1550.
569 2229 630 2268 fol.
648 2232 738 2282 apud
748 2234 975 2285 Heruagium,
1005 2239 1097 2271 cuius
1115 2232 1299 2271 editionem
1322 2238 1356 2271 in
1372 2235 1531 2286 epistolis,
1554 2235 1649 2286 quod
1667 2238 1765 2273 MSS.
1786 2251 1843 2274 co·

88 2280 215 2318 dicibus
225 2280 467 2323 destitueretur,
487 2297 526 2319 ex
540 2297 662 2332 graeco
672 2286 825 2322 frobenii
842 2287 962 2323 Basilio
978 2286 1093 2337 passim
1109 2285 1296 2323 emendasse
1313 2286 1345 2324 se
1360 2288 1493 2324 testatur
1510 2291 1573 2324 Iac.
1592 2290 1714 2325 Billius.
1744 2291 1842 2325 Fabr.

88 2333 263 2383 inscriptio
282 2338 382 2370 etiam
400 2335 445 2370 est
458 2349 594 2385 graeca3
623 2335 678 2373 sed
693 2336 856 2386 praefatio
871 2340 965 2375 nulla
983 2340 1150 2389 praefixaz
1175 2339 1394 2389 probabiliter
1415 2345 1543 2378 curauit
1562 2340 1640 2377 edit.
1658 2340 1843 2378 Masculus.

87 2385 201 2424 Insunt
222 2397 333 2424 autem
348 2389 465 2426 XLIX.
482 2398 579 2426 oratt.
600 2393 666 2426 vita
685 2404 702 2425 a
718 2392 887 2442 Gregorio
909 2393 1017 2442 presb.
1031 2392 1169 2478 scrip{ta,
1199 2390 1374 2429 adnotatio
1397 2396 1434 2430 in
1452 2393 1617 2433 Ezechiel·
1640 2394 1842 2445 paraphrasis

1027 2447 1060 2482 D
1071 2443 1091 2479 d
1104 2460 1116 2479 t
1149 2456 1166 2478 2
1807 2450 1843 2482 in
