2109 2761
0 0 50 206 Ι
179 128 494 178 Vol-V¹·P·3¹Q
663 125 996 167 ATHANASIANI
1024 127 1224 165 SYMBOLI
1252 128 1455 166 CODICES
1489 172 1493 176 .
1582 133 1655 168 Lib.
1672 132 1717 171 V
1743 146 1767 171 c.
1784 135 1834 171 II.
1891 144 1944 172 2'11

7 299 34 342 η

179 233 273 272 ¹798.
288 232 319 266 8.
337 239 412 276 pag.
431 237 479 261 nr
497 222 566 275 sqq.
582 224 638 261 vbi
653 221 806 266 adnotat,
832 220 1029 271 symbolum
1045 224 1166 260 Athan.
1186 227 1218 260 in
1235 224 1350 275 lingua
1368 225 1496 262 Slauica
1518 225 1672 278 liturgica
1689 235 1824 278 reperiri
1843 235 1945 269 etiam

176 283 211 316 in
230 278 386 316 Psalterio
407 289 438 313 et
452 280 624 314 Breuiario
643 276 867 328 GlagoliticO.
895 295 947 303 -
974 277 1069 313 Dan.
1091 278 1288 313 bl'aterlnnd
1304 282 1339 314 in
1353 279 1491 315 historia
1508 282 1620 316 critica
1635 277 1778 327 symboli
1797 279 1942 320 Athana-

175 331 231 374 sii,
258 328 431 376 (sermone
453 329 632 380 anglicano
655 328 808 379 scripta.)
834 329 991 366 cantabr.
1020 340 1113 372 1724.
1140 331 1315 365 auctorem
1337 329 1401 366 eise
1423 335 1561 368 coniicit
1580 334 1764 378 Imm-ium,
1793 334 1940 385 episcop.

175 382 424 426 Arelatenseni3
452 392 570 418 contra
585 383 716 420 Lndou.
732 381 863 418 Ληΐου.
882 383 1095 418 Μιναῖοι-ἕω
1118 384 1154 416 in
1172 381 1324 418 anecdot.
1346 394 1426 419 toni.
1447 384 1492 419 11.
1508 397 1584 433 pag.
1603 392 1666 425 228
1687 385 1756 438 sqq.
1782 387 1940 424 adtribuit

175 434 260 473 illud
277 435 469 482 symbolum
486 433 653 472 Venanti‘o
666 435 878 470 Fortunato:
904 436 988 472 Sam.
1003 435 1153 483 Barnag.
1170 434 1277 473 annal.
1296 435 1582 484 politico-eccles.
1604 448 1685 474 tom.
1703 441 1743 476 11.
1762 453 1838 490 pag.
1857 447 1938 485 807.

176 499 208 524 et
227 490 306 525 (ἴεν.
321 490 371 523 lo.
392 485 481 534 Voffl
499 488 572 536 (qui
594 485 720 536 scripsit
736 484 807 522 diff.
831 497 894 522 tres
912 485 954 522 de
977 486 1080 522 tribus
1097 484 1276 532 symbolis,
1313 487 1521 536 apostolico,
1551 490 1777 528 Athanafiano
1797 502 1828 527 et
1843 496 1938 529 Con-

176 540 495 589 stantinopolitano,
529 538 668 575 Ainssel.
695 542 787 582 1642.
811 549 842 574 et
865 540 955 574 1662.
973 549 1004 582 4.
1028 548 1059 574 et
1085 541 1118 574 in
1135 540 1224 588 Opp.
1243 548 1325 575 toni.
1343 541 1420 585 VI.)
1443 543 1478 576 in
1496 539 1566 576 diff.
1585 544 1625 576 11.
1650 544 1680 591 ᾗ.
1698 554 1748 586 24.
1773 548 1937 581 incertum
2000 568 2002 570 -

176 591 251 632 effe,
268 593 483 642 profitentur,
499 604 618 627 verum
635 591 723 627 illius
740 591 884 636 symboli
902 589 1115 627 Athanafiani
1132 593 1315 628 auctorem.
1345 594 1474 628 Praeter
1484 591 1650 635 Voss'iuin,
1662 596 1828 637 Cauenm,
1842 599 1936 633 Ten-

175 646 228 681 zel
248 655 308 681 etc.
334 643 547 694 collegerunt
566 656 703 694 quoque
725 644 821 693 plura
845 642 886 679 de
910 643 972 680 illo
994 645 1080 681 Koch
1105 646 1137 679 in
1154 641 1341 680 Obsernatt.
1366 643 1504 680 miscell.
1531 655 1613 681 toni.
1639 650 1662 682 i.
1685 661 1760 698 pag.
1782 661 1838 692 177
1865 647 1934 698 sqq.

175 698 273 734 stelle
287 696 308 732 l.
326 711 352 732 c.
370 709 445 745 pag.
464 706 536 739 247.
561 697 680 732 Moller
695 693 1007 745 hoinonymoscop.
1027 708 1102 746 pag.
1120 707 1184 739 422
1204 694 1271 746 sqq.
1291 697 1394 732 Hem.
1418 698 1554 738 Nicolai,
1574 697 1664 734 Prof.
1683 700 1841 736 Thomu.
1861 699 1933 736 diff.

175 748 216 785 de
237 748 395 796 symbolo
417 747 654 783 Athaiiafiano.
681 747 830 785 Dantisci
850 751 934 793 1655.
954 759 984 792 4.
1014 767 1064 776 —
1118 750 1148 784 I.
1169 749 1212 784 G.
1234 749 1348 786 Walch
1373 752 1406 784 in
1427 748 1608 788 introduct.
1635 755 1669 787 in
1691 752 1796 788 libros
1819 751 1932 789 eccles.

173 803 338 838 lutheran.
359 798 532 845 symbolic.
558 801 632 839 libr.
653 802 677 836 1.
696 814 766 849 cap.
783 812 812 836 2.
831 801 862 848 §.
880 811 919 842 23
935 799 1004 849 sqq.
1030 813 1108 851 pag.
1128 812 1194 847 145.
1222 810 1255 836 et
1278 804 1314 836 in
1335 801 1406 836 hist.
1426 800 1538 838 eccles.
1557 805 1599 839 N.
1617 805 1662 840 T.
1683 818 1757 854 pag.
1775 817 1848 848 ¹312
1865 805 1934 857 sqq.

176 854 222 898 [et
249 853 284 890 C.
310 853 376 888 Gn.
399 854 440 888 F.
467 853 592 889 Walclz.
616 856 649 888 in
672 854 766 889 Brev.
788 852 894 888 theol.
917 849 1023 896 symb.
1046 866 1077 901 p.
1098 865 1136 898 54
1151 851 1197 903 sq,
1222 851 1273 889 ed.
1296 851 1429 890 secund.
1451 857 1508 904 qui
1534 854 1600 905 ipse
1622 859 1658 892 in
1678 857 1764 894 Bibl.
1787 856 1933 904 symbol.

176 915 285 942 vetere
296 918 328 953 p.
349 906 404 948 156
420 901 464 952 sq.
487 901 682 950 symbolum
703 914 854 940 accurate
873 901 1011 940 describi
1030 903 1139 951 instit]

341 957 517 991 Enarratio
534 956 663 1004 Pseudo
678 957 905 1008 Atliancfiaiia
918 959 954 992 in
971 954 1178 1003 symbolum,
1211 967 1286 994 ante
1303 959 1365 994 hac
1379 956 1512 998 inedita.
1566 961 1610 996 Et
1627 961 1749 1011 Vigilii
1767 962 1935 1014 Tapſstani

171 1008 210 1044 de
234 1008 397 1043 Trinitatc
417 1009 462 1043 ad
482 1008 686 1055 Theophilum
703 1010 779 1045 liber
796 1011 855 1044 VI.
871 1021 963 1045 nunc
980 1011 1129 1058 primum
1147 1014 1314 1059 genuinus
1329 1022 1428 1060 atque
1440 1009 1632 1048 assumentis
1650 1027 1764 1049 carens
1782 1016 1932 1064 prolatus

172 1074 213 1098 ex
228 1058 449 1101 ,vetustissimo
474 1060 594 1096 codice
615 1059 807 1110 amplissimi
829 1060 968 1109 capituli
985 1060 1208 1103 Veronensis,
1244 1075 1347 1111 opera
1367 1072 1398 1097 et
1417 1062 1524 1098 studio
1541 1064 1668 1111 Jtffeplti
1681 1066 1856 1102 Blanchini
1871 1079 1934 1105 etc.

171 1116 251 1150 Ace.
269 1109 464 1159 symbolum
482 1114 682 1154 Nic-aenum,
710 1126 788 1148 cuin
807 1113 996 1160 Symmachi,
1018 1125 1134 1162 papae,
1160 1117 1226 1150 vita
1249 1127 1290 1149 ex
1309 1113 1531 1151 vetustissimis
1548 1117 1750 1154 membranis
1769 1132 1862 1157 nunc
1882 1123 1932 1157 in-

171 1176 263 1214 tegre
280 1167 314 1199 in
329 1164 441 1199 lucem
457 1161 581 1200 emissa.
634 1167 789 1200 Veronae
807 1178 848 1200 ex
865 1174 1000 1214 typogr.
1018 1168 1103 1200 Petri
1120 1167 1260 1201 Antonii
1274 1167 1379 1202 Ber-ni.
1403 1178 1493 1211 1734.
1514 1178 1544 1210 4.
1571 1171 1671 1206 Harl.

173 1223 228 1262 89.
257 1217 274 1236 *
301 1217 358 1252 Dc
379 1217 414 1251 S.
439 1217 601 1251 Trinitate
618 1215 818 1265 opusculum
836 1230 868 1266 p.
886 1228 960 1261 739.
988 1219 1139 1266 primum
1159 1216 1287 1253 editum
1304 1231 1344 1254 ex
1362 1219 1437 1254 MS.
1457 1222 1552 1269 regio
1571 1222 1877 1259 MMCCCLVIII.
1901 1236 1932 1261 et

275 1266 546 1310 latinalversione
566 1281 584 1302 a
598 1265 856 1304 Montfaucono
875 1267 1050 1303 donatum.
1106 1272 1244 1318 Incipit:
1270 1272 1355 1317 μίαν
1379 1267 1485 1319 φύσιν
1506 1266 1636 1322 ὃᾶξατε
1653 1271 1795 1323 nom-5¹25
1810 1278 1872 1326 3(ςᾷ
1889 1276 1935 1328 ιᾷἔ

274 1321 336 1369 κς)
352 1318 441 1367 οὶγὶε
459 1315 662 1368 πνεύματος
679 1317 740 1362 τήν
760 1318 935 1364 θεὲτητοι.
990 1319 1135 1357 Videtur
1158 1321 1389 1371 compositum
1410 1320 1524 1359 saltem
1542 1324 1617 1374 post
1633 1327 1813 1372 Synoduin
1833 1329 1933 1366 Chal·

275 1369 508 1408 cedonensein.
534 1372 637 1407 Fabr.
689 1374 729 1408 In
751 1371 830 1408 bibl.
847 1372 1079 1419 Norsolciana,
1108 1379 1183 1415 (cat.
1203 1372 1303 1413 codd.
1321 1374 1423 1424 Angl.
1441 1385 1502 1411 etc.
1524 1378 1565 1411 ΙΙ.
1582 1391 1659 1429 pag,
1676 1380 1748 1426 79.)
1769 1394 1820 1416 nr.
1845 1393 1932 1425 3¹32·

274 1423 403 1460 Alban.
421 1421 462 1458 de
477 1423 510 1461 S.
526 1424 697 1460 Trinitate
710 1424 805 1460 liber.
826 1427 933 1474 princ.
957 1426 1008 1461 Tu
1025 1438 1107 1461 vitus
1121 1427 1270 1461 dominiis
1279 1434 1386 1474 pater.
1403 1437 1464 1463 etc.
1492 1429 1593 1468 Han-l.

172 1488 230 1524 90.
259 1478 276 1497 *
304 1477 361 1512 Dc
378 1477 505 1510 ratione
519 1475 663 1521 Paschae
680 1476 833 1511 tractatus
855 1490 888 1525 p.
909 1486 980 1519 741.
1003 1489 1080 1521 742.
1102 1492 1118 1511 a
1136 1479 1329 1513 Muratori'o
1348 1492 1389 1514 ex
1414 1479 1492 1516 bibl.
1511 1479 1729 1518 Ambrosiam
1750 1480 1792 1518 ad
1812 1484 1932 1520 Mont·

275 1525 462 1564 sauconuin
487 1524 690 1562 transmiffus
716 1527 837 1570 latine,
873 1530 932 1578 qui
951 1532 1051 1566 etiam
1074 1529 1170 1567 latini
1189 1532 1302 1579 potius
1322 1527 1556 1582 quain'giaeci
1578 1531 1769 1584 scriptoris,
1804 1535 1933 1575 nedum

277 1578 462 1621 Athanasii,
491 1575 555 1615 effe
580 1577 771 1630 suspicatur.
1569 1578 1577 1583 ”

719 1706 818 1745 VII.
873 1707 1397 1748 SVPPLEMENTVM

187 1774 389 1823 scriptorum
412 1775 444 1812 S.
467 1769 653 1827 Athanasii,
678 1787 792 1825 graece
813 1783 843 1812 et
863 1777 963 1812 latine
981 1790 1049 1813 cnm
1075 1780 1162 1813 :iotis
1177 1780 1321 1825 primum
1344 1780 1376 1813 in
1399 1778 1495 1814 liccem
1517 1780 1634 1817 editum
1656 1782 1689 1817 in
1711 1793 1797 1818 noua
1819 1783 1911 1820 colle-'

508 1828 610 1864 Hione
629 1828 774 1864 Pati-um
796 1829 1091 1876 Momffauconiana
1118 1837 1203 1866 tomo
1222 1833 1272 1866 II.
1294 1830 1406 1879 Parffl
1432 1833 1595 1880 1706.fol.

339 1905 495 1954 Eugenii,
511 1906 635 1941 diaconi
653 1904 839 1956 Ancyrani,
864 1906 990 1958 legatio
1014 1906 1055 1943 ad
1075 1907 1292 1944 Athanasium
1312 1921 1378 1958 pro
1405 1906 1511 1945 caussa
1529 1911 1685 1947 Marcelli
1706 1914 1879 1959 Ancyrani
1901 1922 1933 1949 et

172 1953 336 1993 eonfeffio
353 1956 432 1992 fidei
449 1957 605 1994 ecclesiae
621 1961 815 2006 Ancyranae
832 1958 873 1995 ad
889 1973 968 1995 eum
982 1958 1077 1996 inissa
1090 1962 1175 1996 circa
1193 1962 1232 1996 A.
1249 1963 1289 1999 C.
1307 1973 1375 2004 371.
1393 1964 1610 2012 primuinque
1625 1963 1711 2000 edita
1731 1977 1771 2000 ex
1789 1976 1931 2014 apogra-

170 2010 242 2059 pho
261 2008 338 2044 bibl.
354 2008 613 2056 Ambrofianae‚
640 2010 734 2061 quod
760 2010 821 2060 [If]
849 2025 890 2048 ex
906 2011 1025 2048 codice
1041 2011 1241 2048 Scorialenfi
1256 2011 1457 2060 descriptum
1474 2011 1582 2050 fuerat
1602 2029 1679 2066 pag.
1698 2029 1712 2054 1
1729 2035 1777 2044 —
1790 2028 1825 2060 4.
1850 2029 1930 2054 con-

172 2058 224 2097 fer
234 2057 446 2111 praemiffain
459 2059 640 2098 doctissimi
658 2061 795 2100 editoris
811 2063 853 2108 de
868 2062 978 2101 caussa
990 2064 1147 2102 Marcelli
1164 2067 1341 2110 Ancyram
1357 2064 1544 2102 diatribam.

172 2167 220 2201 91.
248 2154 419 2193 Athanasii
434 2157 512 2207 mei
527 2159 656 2199 πῐςεως
672 2155 780 2208 λέγος
793 2158 809 2197 ὅ
824 2154 1060 2208 μόζωνῄννηο
1081 2161 1185 2196 maior
1201 2158 1269 2196 siue
1283 2161 1361 2196 liber
1375 2159 1498 2207 deficit,
1517 2163 1613 2197 initio
1629 2161 1777 2204 mutilus,
1797 2177 1829 2214 p.
1847 2176 1863 2211 5
1877 2184 1931 2195 --

280 2220 329 2253 19.
354 2222 393 2244 ex
422 2208 540 2246 codice
564 2210 642 2246 bibl.
664 2210 849 2248 Mediceae.
904 2215 1103 2263 Fragmenta
1126 2215 1224 2250 huius
1246 2212 1320 2248 libi-i
1344 2226 1384 2249 ex
1406 2210 1627 2249 Theodorito
1653 2226 1684 2251 et
1706 2216 1842 2253 Gelasio
1863 2220 1933 2255 iam

279 2258 415 2296 dederat
437 2260 720 2300 Montfauconus.
741 2273 824 2300 tom.
846 2266 870 2300 1.
892 2278 966 2314 pag.
985 2271 1076 2305 1282,
1130 2268 1234 2302 Hunc
1255 2263 1346 2301 idem
1368 2274 1460 2314 putat
1485 2262 1549 2301 effe
1570 2267 1741 2304 Athanasii
1762 2269 1930 2312 libellum.

280 2314 316 2347 in
336 2325 405 2362 quo
422 2315 680 2351 CHRlsTUM
701 2316 854 2351 hominem
869 2317 1079 2353 Dominicum
1101 2316 1262 2369 κυριακὲν
1285 2314 1473 2367 ἄνθρωπον
1493 2321 1606 2353 vocari
1628 2323 1760 2356 notauit
1785 2321 1930 2358 Rufinus

277 2365 450 2416 Apologia
476 2379 540 2417 pro
564 2368 724 2418 Origene.
790 2368 1164 2422 Fonnulamheaindein
1194 2371 1379 2406 retractauit
1401 2368 1617 2420 Augustinus
1684 2369 1817 2410 Confer
1837 2374 1933 2409 Billis·

1139 2424 1171 2460 D
1190 2420 1211 2458 d
1240 2433 1258 2456 2
1836 2434 1934 2461 notas
