2184 2761
788 158 817 195 P
845 157 875 193 R
904 157 936 210 Α
964 157 990 192 F
1018 155 1051 194 A
1080 158 1115 193 'r
1142 158 1158 193 1
1187 156 1223 194 ο
1846 174 1896 203 1x

125 280 270 322 operae
298 269 337 307 in
363 275 478 320 caput
500 267 565 305 IV.
593 264 642 306 dc
667 259 838 321 Eusebio
861 273 934 304 etc.
959 260 1037 305 fiue
1070 275 1158 317 pag.
1180 275 1242 312 30.
1269 264 1346 306 vol.
1373 265 1435 307 Vl.
1462 277 1535 309 vet.
1567 269 1657 310 edit.
1684 269 1801 322 <nam
1827 286 1891 313 ca-

125 384 197 428 put
221 377 281 414 111.
307 387 326 413 a
353 385 435 428 quo
458 371 616 412 initium
641 370 721 413 vol.
748 373 811 411 vl.
837 371 876 411 in
901 370 991 411 edit.
1017 379 1092 410 vet.
1124 367 1271 411 facslum
1298 383 1406 422 erat,
1462 374 1512 414 de
1548 373 1807 434 Corssmzlino
1832 378 1891 419 M

128 481 165 520 in
191 480 389 535 superiore
420 477 622 519 volumine
647 479 724 518 iam
751 476 887 520 locum
917 477 1030 518 suum
1054 474 1269 527 obtinuit‚)
1334 477 1462 521 subito
1489 481 1707 524 inciderent
1728 494 1768 524 et
1792 484 1892 526 nihil

125 587 269 626 erroris
302 585 534 639 suspicantes
568 586 844 625 continuarent
875 582 1062 625 laborem.
1147 583 1283 639 Atque
1312 598 1422 627 error
1451 600 1625 628 errorem
1645 618 1656 638 ,
1707 590 1772 630 sed
1801 591 1840 632 h.
1867 591 1891 632 l.

123 688 238 732 facilc
267 691 576 732 condonandum
595 722 607 741 ‚
644 682 806 745 gignere
830 689 938 734 solet.
1018 691 1199 747 Namque
1225 692 1265 731 in
1298 690 1398 732 linea
1427 693 1602 748 suprema
1621 725 1633 744 ‚
1686 694 1753 736 vbi
1777 696 1892 739 volu-

125 811 216 838 men
250 807 288 837 et
319 798 482 851 paginae
515 799 656 838 veteris
687 798 870 850 editionis
903 797 1066 837 indicari
1094 795 1247 849 solent,
1294 811 1313 838 a
1340 811 1425 853 pag.
1456 812 1532 854 335.
1567 813 1688 856 vsque
1721 803 1769 843 ad
1803 817 1888 858 pag.

125 914 213 955 729.
242 901 337 944 loco
371 901 444 944 vol.
479 902 553 945 VI.
586 915 778 959 perpetuo
811 902 999 944 excusum
1026 902 1081 943 est
1114 902 1186 945 sol.
1223 903 1273 945 V.
1356 904 1456 946 Illud
1484 919 1578 947 vero
1608 906 1658 949 cle
1695 907 1887 953 Athana.

6 975 50 1009 ν’
119 1008 175 1062 fio
204 1018 277 1049 ete.
306 1018 424 1063 eaput
452 1011 643 1064 quoniam
672 1012 712 1050 in
739 1009 820 1051 hoc
849 1009 1054 1052 volumine
1081 1009 1214 1064 postea
1242 1010 1464 1054 commodo
1497 1011 1590 1053 loco
1619 1013 1725 1055 haud
1756 1019 1890 1070 potuit

122 1115 261 1156 inseri:
304 1129 430 1168 cogor
445 1145 456 1165 ,
495 1129 544 1156 ne
569 1117 752 1158 ordinem
776 1117 914 1158 misere
938 1114 1093 1156 turbem
1116 1127 1157 1158 et
1191 1117 1374 1158 misceam
1397 1118 1547 1161 summa
1569 1121 1659 1162 imis
1675 1151 1688 1170 ,
1736 1107 1890 1178 vtxpost

122 1219 311 1264 sestiones
342 1222 391 1263 de
415 1221 670 1279 scriptoribus
699 1223 919 1274 Byzantinis
947 1221 1178 1278 postliminii
1207 1221 1313 1281 quasi
1343 1225 1428 1268 iure
1459 1225 1646 1270 reducam
1679 1237 1798 1286 atque
1828 1244 1887 1272 re.

121 1342 279 1385 ponam.

293 1541 448 1581 Praeter
478 1553 522 1581 ea
553 1539 770 1592 symbolam
806 1540 973 1582 eontulit
1009 1552 1049 1582 et
1077 1539 1289 1582 sec‘lionem
1328 1542 1376 1583 de
1410 1542 1619 1587 Methoclio
1650 1547 1763 1602 (pag.
1795 1550 1889 1591 260.

126 1643 233 1700 sqq.)
266 1643 434 1701 copiofis
464 1645 671 1703 dqe'lisque
702 1645 1104 1688 animaduerfionibus
1139 1647 1247 1688 auxit
1278 1650 1513 1706 ornauitque
1546 1666 1631 1694 ven.
1667 1665 1705 1694 et
1729 1654 1890 1696 vinculo

126 1750 335 1792 adfinitatis
372 1752 472 1794 mihi
505 1751 790 1804 iunetiffimus,
834 1756 985 1804 SIXT,
1030 1753 1145 1795 Doti.
1172 1763 1211 1794 et
1243 1757 1281 1795 Ρ.
1306 1756 1344 1795 Ρ.
1371 1755 1420 1796 O.
1451 1757 1645 1800 sperarum
1675 1759 1892 1802 litterarum

126 1857 196 1898 cel.
222 1859 262 1898 in
286 1857 510 1900 Altdorfina
534 1859 751 1900 litterarum
784 1857 1041 1901 vniueriitate.
1129 1859 1292 1916 Reliqua
1328 1863 1453 1916 capita
1489 1877 1566 1918 ego
1596 1865 1892 1921 qualibuscum-

127 1977 202 2019 que
221 1994 233 2013 ‚
277 1935 378 2021 quae
403 1966 504 2006 mihi
534 1956 696 2021 quidem
727 1965 932 2008 neccffaria
960 1964 1219 2017 videbantur,
1265 1977 1331 2008 aut
1357 1979 1466 2009 erant
1489 1973 1644 2023 cognita
1664 2003 1676 2022 ‚
1722 1972 1892 2027 amplifi-

127 2071 218 2110 caui
246 2069 534 2124 supplementis.
611 2074 752 2128 Neque
778 2086 875 2113 vero
902 2073 1068 2126 ignoro,
1099 2071 1208 2127 pini-a
1234 2072 1399 2127 potuisse
1425 2074 1538 2118 latius
1568 2077 1775 2132 explanari.
1837 2081 1894 2121 At

128 2178 286 2231 primo,
335 2177 420 2228 (vti
442 2177 521 2217 iam
542 2191 685 2232 page.
707 2179 747 2218 in
771 2189 862 2219 nota
893 2180 1081 2231 monui,)
1121 2192 1223 2234 quae
1254 2178 1303 2219 de
1334 2180 1588 2235 scriptoribus
1621 2183 1893 2231 ecclesiasticis,

129 2295 349 2338 eorumque
374 2283 472 2331 vita,
511 2281 597 2323 fatis
614 2313 626 2333 ,
665 2282 840 2325 doe‘lrina
857 2315 868 2334 ,
914 2283 1066 2339 placitis
1090 2287 1297 2328 autetiam
1321 2286 1519 2328 erroribus
1542 2300 1751 2343 potuerant
1777 2289 1893 2331 fufius

131 2387 320 2441 explicari
350 2397 466 2443 atque
491 2387 707 2435 declarari3
738 2403 782 2430 ca
808 2392 942 2446 potius
970 2392 1167 2446 pertinent
1191 2391 1239 2431 ad
1262 2391 1464 2435 historiam
1489 2393 1781 2439 ecelesiasticam
1801 2427 1811 2446 ,
1855 2407 1893 2438 et

1210 2494 1236 2536 b
1845 2502 1893 2544 ab
