2184 2761
376 151 439 188 388
491 144 565 181 Lib.
581 142 626 184 V.
644 143 750 181 μυί.
939 142 1167 181 GREGORII
1192 143 1298 181 NAZ.
1324 144 1525 183 CODICES

546 241 707 278 Menochia·
722 243 759 276 in
781 238 856 278 bibl.
878 239 1014 276 elet‘lor.
1032 239 1147 276 Bauar.
1165 241 1201 277 in
1217 239 1367 289 pluribus
1388 238 1490 278 codd.
1507 238 1748 279 exssant‘omt.
1766 255 1800 279 n.
1818 241 1937 280 LXIII.
1953 239 2063 294 'vsqve
2080 236 2125 280 ad

378 296 531 334 vam.
557 312 608 322 —
633 292 708 330 cod.
725 294 856 328 LXXV.
883 311 932 319 —
958 295 994 329 in
1009 290 1086 330 cod.
1101 293 1206 331 xcn.
1222 290 1373 329 dubitati.
1395 303 1427 330 et
1444 291 1632 333 solutiones
1641 295 1786 343 Goegor.
1804 296 1888 331 Nat.
1902 308 1965 344 per
1981 298 2127 332 interro·-

380 359 460 399 gan.
475 358 507 383 et
522 343 725 394 responsion.
742 342 783 379 de
799 342 864 379 deo
882 355 913 380 et
929 347 1091 387 trinitate3
1118 343 1244 394 dogma
1261 343 1302 380 de
1315 346 1348 380 S.
1364 346 1536 382 Trinitate
1549 355 1611 383 etc.
1634 366 1683 374 -
1711 344 1789 382 cod.
1804 348 1960 384 CXCIII.
1975 346 2127 384 Christus

380 405 523 449 patiam,
559 394 730 446 tragoedia
753 409 805 446 gr.
820 397 976 446 Gregorii
999 397 1081 434 Naz-
1103 396 1254 435 eiusdem
1276 393 1374 443 λέγοι
1395 398 1520 445 πέντε,
1542 401 1706 436 umine
1725 395 1858 448 scripti}
1894 397 1997 435 eiusd.
2018 402 2128 435 variae

382 462 477 488 orati.
505 470 554 478 --
582 446 658 485 eod.
675 450 808 486 CCLII.
827 447 990 499 quaedam
1011 457 1106 488 oratt.
1127 461 1158 484 v.
1174 456 1236 486 cat.
1249 448 1348 486 codd.
1365 462 1417 500 gr.
1431 442 1547 488 naum?
1560 463 1637 502 pag.
1656 458 1704 492 ιε.
1720 462 1823 501 vsque
1836 449 1877 487 ad
1894 461 1946 489 22.
1961 462 1999 496 25
2013 448 2060 501 sq.
2077 461 2125 495 35.

381 515 434 548 '13-
454 513 486 540 θ(
511 507 564 546 84·
1860 532 1862 534 ,
2017 527 2019 529 .

552 605 732 644 deobmi.
756 604 834 642 bibl.
858 601 974 641 caesar.
997 603 1142 644 abundat
1162 604 1264 644 codd.
1279 610 1313 644 in
1329 607 1449 658 quibus
1460 604 1596 644 seruata
1611 604 1685 644 sunt
1707 618 1809 657 opera
1821 607 1924 657 Greg.
1939 607 2022 643 Nat.
2038 618 2126 658 quo·

382 671 456 696 mm
476 658 614 695 breuem
633 660 791 693 notitiam
808 656 900 693 dedit
917 655 1079 695 Nesselius
1098 660 1134 695 in
1154 659 1248 695 catal.
1272 657 1326 703 sed
1351 659 1538 708 pleniorem
1553 669 1585 696 et
1609 659 1799 696 dodiorem
1814 660 1960 697 Las-hee.
1973 663 2012 696 in
2029 671 2127 696 com·

382 714 550 748 ment-ariis
572 720 634 746 etc.
653 707 706 744 ed.
725 708 852 745 Kollar.
872 721 956 759 quos
973 711 1003 745 b.
1021 710 1043 749 l.
1059 714 1170 759 potius
1186 709 1371 755 laudodos
1384 710 1605 761 citandosque
1619 710 1714 748 duxi.
1739 729 1791 737 —
1825 713 1865 747 In
1883 712 1950 748 vol.
1967 713 2029 748 111.
2047 721 2127 760 pag.

382 775 444 808 37⁴
461 772 503 813 tq.
521 764 597 799 cod.
616 763 762 798 LXXVI.
784 775 835 797 nr.
849 773 883 804 4.
902 766 1065 808 anonymi
1089 765 1238 812 epitome
1256 761 1454 811 scriptorum
1470 762 1743 814 dogmaticomm
1762 764 1794 799 S.
1810 764 1911 812 Greg.
1928 764 2011 799 Nax.
2024 781 2077 790 —-
2090 773 2125 812 p.

307 850 315 857 ,
382 818 456 862 396.
472 813 548 850 cod.
565 816 682 850 LXXV
689 816 728 849 ll.
744 827 793 849 nr.
811 821 860 856 58.
878 827 917 849 ex
936 814 1037 862 Greg.
1058 827 1109 862 ep.
1125 813 1167 850 ad
1181 813 1389 852 Cledonium
1404 827 1436 851 et
1454 818 1496 850 11.
1513 818 1667 851 oratione
1682 814 1723 850 de
1739 814 1813 852 filio
1829 824 1862 851 et
1878 827 1919 851 ex
1932 814 2005 852 aliis
2026 816 2126 864 patri·

384 869 442 904 bus
465 866 546 903 eccl.
571 865 757 901 testimonia
780 863 821 900 de
843 864 968 900 duabus
990 868 1024 900 in
1043 864 1176 901 Christo
1199 870 1341 902 naturis:
1371 880 1420 902 nr.
1437 872 1486 906 81.
1503 866 1544 905 ib.
1568 879 1600 914 p.
1617 878 1685 910 420
1703 864 1772 916 sqq.
1791 878 1943 916 excerpta
1967 879 2009 902 ex
2024 868 2126 916 Greg.

383 923 417 955 in
431 918 589 968 'Ligabeni
605 917 772 966 panoplia.
800 936 849 943 —
876 930 908 966 p.
927 928 1000 960 437.
1015 928 1075 952 etc.
1092 914 1169 952 cod.
1190 919 1334 953 LXXIX.
1348 918 1519 965 Gregorii,
1552 922 1567 960 (
1595 920 1626 952 ui
1646 918 1689 953 ibi
1706 929 1846 955 vocatur
1860 918 2021 966 episcop-s
2035 918 2127 957 Nax.

381 969 568 1019 refragante
587 969 767 1005 Lambecio
791 971 824 1004 in
846 979 918 1003 not.
935 971 979 1011 3.)
993 970 1082 1015 Opp.
1099 972 1211 1008 (oi-att.
1228 970 1298 1011 LI.)
1317 982 1395 1004 cum
1413 972 1505 1019 antiq
1584 967 1702 1004 eholiis
1720 971 1861 1016 margin.
1881 980 1980 1018 atque
1996 967 2126 1018 expofi·

381 1026 475 1058 tione
491 1032 665 1060 notarum,
695 1022 729 1054 in
748 1022 899 1068 margine
915 1017 991 1055 cod.
1006 1019 1121 1054 litteris
1135 1022 1241 1055 aureis
1258 1018 1375 1068 passim
1393 1017 1520 1066 adscrip
1535 1033 1649 1061 arum,
1677 1031 1757 1067 quas
1774 1024 1916 1069 integras
1933 1021 2048 1057 Lamb.
2071 1034 2126 1056 ex·

381 1075 482 1111 hibet.
507 1093 558 1099 —
587 1084 661 1122 pag.
677 1081 735 1116 455
754 1068 822 1120 sqq.
840 1070 965 1106 multae
981 1079 1076 1108 oran.
1095 1073 1128 1105 in
1149 1069 1249 1108 codd.
1264 1072 1378 1106 LXXX
1404 1089 1441 1097 -
1461 1072 1608 1106 LXXXI.
1639 1089 1685 1096 -—
1713 1070 1868 1105 LXXXII
1887 1071 2126 1108 —1.xxxl11.

380 1130 418 1162 in
449 1128 542 1162 cuius
577 1123 644 1159 fine
665 1125 699 1166 *)
727 1125 827 1159 etiam
861 1122 962 1158 exslat
996 1120 1161 1170 expositio
1197 1133 1354 1158 notarum
1389 1123 1634 1172 marginalium.
1670 1140 1719 1148 —
1753 1121 1931 1158 LXXXIV.
1957 1134 2060 1172 uque
2084 1120 2129 1158 nd

380 1179 594 1216 LXXXVIII.
622 1196 674 1204 —-
701 1188 775 1224 pag.
796 1180 873 1218 488.
900 1178 934 1210 in
955 1172 1031 1210 cod.
1050 1175 1121 1210 XC.
1147 1183 1244 1210 orat«.
1267 1177 1426 1224 quinque.
1454 1193 1505 1201 —
1532 1187 1608 1224 pag.
1632 1184 1706 1217 ⁴95.
1730 1175 1765 1209 in
1788 1170 1864 1212 cod.
1886 1174 2006 1210 XCVI.
2031 1181 2130 1209 oratt.

381 1244 461 1267 cum
475 1232 610 1265 Nice-tae
625 1237 808 1263 comment.
840 1246 878 1253 -
915 1239 989 1276 pag.
1003 1237 1082 1270 499.
1102 1223 1170 1274 sqq.
1188 1227 1220 1261 in
1233 1223 1335 1261 codd.
1353 1227 1542 1268 CXCVIII.
1567 1239 1600 1245 ·-
1625 1226 1778 1262 CXCIX.
1805 1244 1857 1252 —
1884 1226 1958 1265 CC.
1982 1244 2036 1253 ·-
2088 1226 2129 1262 In

381 1283 450 1318 vol.
470 1284 526 1316 IV.
550 1282 756 1328 reperiuntur
777 1276 948 1328 quaedam
962 1288 1058 1313 oratt.
1078 1282 1112 1313 in
1136 1276 1235 1321 codd.
1250 1279 1342 1318 CVI.
1361 1291 1412 1314 nr.
1429 1278 1484 1315 26.
1510 1296 1562 1307 —
1588 1278 1708 1314 CXVI.
1733 1291 1785 1313 nr.
1807 1287 1854 1321 ις.
1879 1278 1928 1313 16.
1950 1284 1982 1315 ὰ
1998 1288 2052 1314 22.
2075 1294 2130 1306 --

350 1360 356 1365 .
383 1337 513 1371 CXLV.
533 1346 582 1368 nr.
604 1343 657 1367 20.
682 1350 729 1357 —
757 1332 906 1367 CXLVI.
928 1343 978 1368 nr.
996 1341 1026 1373 7-
1044 1335 1074 1369 8-
1091 1339 1122 1365 et
1144 1325 1187 1372 ¹4.⁴
1218 1349 1265 1356 —
1293 1330 1460 1367 CXLVII.
1482 1342 1535 1365 nr.
1554 1340 1584 1365 2.
1606 1339 1638 1366 et
1656 1329 1690 1363 6.
1721 1347 1769 1354 —
1794 1330 1880 1365 CLI.
1901 1342 1952 1365 nr.
1970 1332 2022 1374 23'.
2037 1338 2140 1375 29et.

385 1399 438 1430 30.
493 1388 531 1421 In
553 1384 623 1420 aliis
647 1381 726 1419 caes.
747 1380 846 1418 codd.
869 1381 937 1418 vol.
957 1384 1013 1417 IV.
1030 1384 1069 1416 V.
1086 1390 1147 1416 etc.
1169 1383 1320 1430 inprimis
1342 1384 1376 1416 in
1397 1383 1519 1417 catenis
1540 1383 1575 1416 iu
1590 1382 1633 1416 V.
1655 1389 1687 1414 et
1704 1380 1748 1416 N.
1762 1379 1915 1419 T.luud
1931 1393 2034 1429 pauo·
2053 1377 2129 1418 sut

383 1436 583 1487 fragmenta,
623 1448 682 1471 uae
699 1432 797 1470 iudex
813 1434 928 1470 Lamb.
947 1443 1058 1468 notat:
1078 1432 1121 1468 fic
1136 1445 1274 1483 quoque
1291 1435 1326 1469 iu
1338 1433 1453 1469 multis
1468 1436 1601 1474 catenis,
1627 1443 1707 1482 quas
1726 1431 1928 1470 bibl-Venet-
1938 1434 2046 1469 Mur„
2063 1437 2127 1474 (te-

383 1490 428 1527 sse
452 1500 514 1526 cat.
533 1487 598 1524 cod
651 1491 719 1537 gr.)
739 1497 837 1535 atque
862 1483 962 1522 codd.
987 1485 1133 1528 Coislin.
1155 1483 1303 1528 seruant;
1342 1494 1375 1520 et
1395 1481 1586 1521 Montsauc.
1606 1486 1641 1520 in
1663 1483 1741 1520 binl.
1763 1482 1904 1519 Coislin.
1928 1483 2012 1521 loeis
2032 1493 2127 1521 antea

382 1545 504 1593 partini
523 1551 664 1576 memor.
691 1537 822 1574 indicat.
878 1536 942 1574 Sed
963 1536 1032 1573 illis
1053 1534 1232 1572 excitandis
1257 1539 1432 1573 immorari
1452 1549 1524 1572 non
1544 1537 1631 1576 licet.
1658 1554 1710 1564 -—-
1764 1537 1804 1571 In
1823 1535 1891 1572 vol.
1911 1538 1951 1571 V.
1972 1534 2126 1574 Ianthe.

383 1607 511 1630 comm.
533 1595 569 1629 in
587 1589 688 1628 codd.
705 1591 853 1627 CCXLI.
871 1603 920 1626 nr.
939 1601 965 1624 ι.
992 1609 1042 1617 —
1066 1590 1246 1626 CCXLVI.
1266 1602 1316 1625 nr.
1341 1600 1384 1633 15.
1411 1608 1463 1616 —·
1490 1590 1609 1625 CCLI.
1632 1590 1689 1638 qui
1708 1584 1844 1625 asoetim
1857 1596 1920 1624 ete.
1937 1589 2134 1630 continent,-

381 1644 457 1683 sunt
476 1641 595 1693 fragm.
612 1652 644 1678 et
666 1646 699 1679 in
715 1640 791 1678 cod.
808 1642 1052 1678 CCLXXXIII.
1068 1655 1118 1676 nr.
1134 1651 1164 1683 ἢ.
1179 1638 1253 1676 sunt
1269 1651 1420 1689 excerpta
1439 1639 1603 1690 quaedam
1624 1653 1665 1676 ex
1682 1640 1839 1687 Gregorii
1855 1639 1937 1676 Nu.
1959 1639 2138 1689 operibns..

381 1716 434 1726 -
463 1699 501 1732 In
521 1695 658 1731 Kallas-ii
680 1692 840 1742 supplem.
859 1690 901 1727 ad
916 1693 1083 1728 Lambecii
1105 1704 1232 1728 comm.
1253 1704 1328 1741 pag.
1347 1703 1398 1734 ¹4¹
1417 1691 1486 1743 sqq.
1510 1691 1587 1729 cod.
1606 1694 1678 1729 XV.
1701 1701 1797 1727 oratu.
1821 1691 1870 1727 1⁶.
1892 1692 2128 1731 mNioeoee

382 1757 566 1787 commem.
593 1766 645 1774 —
670 1757 706 1795 p.
722 1755 778 1788 145
792 1742 861 1795 sqq.
879 1743 955 1780 cod.
971 1746 1033 1781 XV
1038 1745 1061 1779 1.
1078 1743 1190 1794 plures
1208 1755 1303 1780 oran.
1334 1763 1384 1771 -
1411 1757 1445 1794 p.
1462 1756 1517 1790 ¹59
1532 1742 1601 1795 sqq.
1614 1742 1691 1781 cod.
1713 1744 1822 1780 xvu.
1838 1752 1936 1780 oran.
1954 1753 2006 1788 23.

550 1848 720 1899 Augustae
733 1846 868 1884 Vindel.
884 1850 920 1884 in
936 1845 1013 1883 bibl.
1028 1846 1122 1897 publ.
1139 1845 1249 1896 plures
1264 1845 1363 1883 codd.
1377 1860 1463 1897 quot
1476 1846 1587 1894 Reiser
1608 1849 1643 1883 in
1658 1845 1771 1884 indice
1782 1848 1896 1884 Msst.
1912 1848 1999 1897 Aug.
2019 1842 2127 1884 idem-

383 1917 448 1956 que
462 1902 606 1952 singulas
619 1912 716 1938 oratt.
735 1897 848 1941 refert,
871 1902 905 1935 in
922 1899 985 1936 illis
998 1896 1099 1936 codd.
1116 1899 1253 1940 obuias,
1281 1912 1357 1949 pag.
1378 1911 1417 1935 ro
1435 1897 1502 1950 sqq.
1518 1912 1568 1934 nr.
1585 1910 1636 1943 ²7·
1654 1912 1757 1949 vsque
1771 1897 1813 1934 ad
1829 1912 1879 1935 nr.
1897 1910 1941 1943 31.
1957 1909 1991 1936 et
2006 1901 2042 1935 in
2054 1897 2127 1936 vlti-

383 1970 442 1993 mo
460 1953 538 1991 cod.
564 1967 597 2004 p.
615 1966 662 1990 ιε.
680 1951 768 1989 Reis.
785 1962 896 1992 notat,
924 1953 1130 2000 Gregoriqm
1146 1954 1257 1987 vomri
1279 1951 1542 1998 archiepifivpnm
1558 1950 1732 1987 CPolitan.
1755 1954 1819 1995 (vti
1841 1954 1877 1987 in
1897 1951 1971 1988 aliis
1991 1950 2126 2000 quibun-

383 2006 460 2044 dam
479 2004 594 2045 codd.)
615 2004 656 2041 de
674 2018 744 2054 quo
766 2004 883 2052 elogio
904 2001 969 2039 vid.
988 2001 1184 2050 Rittershus
1201 2003 1339 2041 lection.
1360 2004 1416 2039 SS.
1439 2003 1512 2038 libr.
1530 2004 1570 2037 ll.
1595 2015 1664 2052 oep.
1683 2014 1724 2038 ιι.
1746 2014 1778 2039 et
1796 2013 1843 2039 υ.
1858 2013 1889 2039 et
1906 1999 2002 2040 eous.
2014 2001 2124 2040 Lan·

382 2058 423 2096 de
441 2056 610 2104 Dionysio
626 2060 795 2105 Areopag.
818 2066 899 2105 part.
922 2057 964 2091 11.
983 2068 1057 2104 pag.
1075 2056 1143 2099 269
1157 2052 1226 2105 sqq.
1248 2052 1298 2090 ed.
1317 2055 1374 2091 vlt.
1402 2056 1448 2098 (et
1463 2055 1606 2091 Bandim
1626 2065 1687 2090 cat.
1707 2052 1807 2091 codd.
1827 2067 1877 2104 gr.
1893 2056 1990 2091 hur.
2009 2051 2080 2089 vol.
2098 2053 2127 2088 I.

382 2124 416 2160 p,
433 2122 504 2155 ²05·
524 2119 594 2146 not.
611 2109 663 2144 vbi
683 2111 715 2144 in
730 2106 807 2144 cod.
826 2110 866 2143 V.
883 2105 1004 2142 dicitur
1020 2105 1179 2153 episcopm
1193 2106 1282 2143 Naz.
1302 2120 1331 2142 ν.
1346 2120 1483 2156 quoque
1497 2106 1648 2145 lambec.
1663 2105 1779 2155 paullo
1795 2116 1870 2142 ante
1884 2106 2049 2149 citatum.)
2085 2106 2127 2142 In

383 2161 504 2200 eodem
519 2159 594 2201 cod.
611 2158 684 2199 sunt
698 2161 855 2210 Gregorii
871 2161 955 2196 Νη.
973 2158 1155 2196 tetrasticha
1170 2170 1249 2196 cum
1260 2159 1293 2197 N
1297 2162 1395 2195 ieetae
1411 2156 1550 2197 Dauidis
1564 2156 1766 2209 paraphrasi,
1794 2169 1826 2195 et
1841 2155 2044 2209 ἀπόρρητα,
2069 2152 2126 2192 seu

1992 2219 2124 2250 uem,

427 2342 461 2382 ⁶)
484 2340 593 2372 Itidem
614 2343 645 2370 in
667 2340 735 2370 eod.
758 2343 834 2374 XXI.
858 2340 1046 2384 Your-ineufi,
1070 2349 1098 2373 et
1115 2342 1146 2374 in
1163 2339 1251 2373 catal.
1275 2338 1363 2372 codd.
1383 2351 1427 2381 gr.
1444 2341 1543 2374 Τιιιπ.
1565 2349 1634 2384 pag.
1649 2349 1689 2380 9⁸
1705 2338 1745 2382 sq.
1768 2348 1813 2378 gr.
1829 2348 1897 2370 cum
1912 2335 1990 2368 vert
2012 2335 2064 2369 lat.
2079 2336 2122 2369 t.

385 2394 505 2430 quoque
527 2385 668 2426 euulgna
691 2394 832 2416 notarum
857 2386 1031 2428 explicatio.
