2184 2761
252 60 314 106 552
365 57 438 93 Lib.
452 54 592 93 V.c.X.
901 54 962 89 10.
991 52 1333 90 CHRYSOSTOMI
1732 51 1801 79 Vet.
1819 53 1848 80 V
1849 53 1885 81 Π·
1903 61 1932 89 r·
1947 53 1996 87 631

252 153 337 190 locis
356 149 540 188 emendata.
594 152 625 185 Is
646 151 681 184 in
697 143 833 185 inonito
851 146 1026 196 praemisso
1048 157 1297 198 argumentatur
1314 156 1430 185 contra
1444 146 1709 184 Tinea-,omium
1721 176 1732 191 ⁷
1759 148 1883 185 librum
1898 147 1998 185 illum

254 202 418 240 eximium
433 218 451 240 a
467 200 639 249 Chrysost.
658 198 752 237 fuiss‘e
768 199 918 237 eniiss'um
932 211 1111 250 antequam
1125 199 1298 250 episcopus
1315 198 1403 237 esset.
1441 221 1489 227 —-—
1516 201 1572 237 Est
1588 204 1621 237 in
1637 200 1713 237 cod.
1728 203 1874 237 Laui-ent
1888 204 1947 238 XV
1952 202 1997 236 11.

254 269 304 293 nr.
320 268 354 300 4.
369 256 451 305 plut.
469 262 500 295 8.
517 269 547 290 v,
566 255 705 290 Bandin.
723 263 783 289 cat.
800 251 899 290 codd.
918 268 967 304 gr.
990 255 1014 288 Ι.
1030 267 1061 301 p.
1081 255 1149 298 356.
1167 273 1213 279 —
1230 257 1265 289 in
1287 251 1361 291 cod.
1378 252 1455 289 bibl.
1477 253 1567 301 publ.
1584 253 1694 301 Paris.
1713 255 1926 290 DCCLXIV.
1943 266 2000 289 nra

255 309 308 344 26.
328 312 445 344 citatur
459 308 587 342 lmmilia
603 308 639 342 de
654 309 856 355 virginitate.
886 326 933 333 —
989 305 1032 342 V
1027 307 1130 341 iozdob.
1153 309 1186 342 in
1205 304 1281 342 cod.
1308 304 1423 343 caesar.
1441 308 1617 344 LXXXIX.
1641 315 1672 342 et
1687 307 1808 343 XLIII.
1830 318 1864 342 v,
1879 302 1998 354 Neffcl.

253 370 314 397 cat.
332 357 432 397 codd.
450 357 528 395 caes.
548 361 572 394 I.
589 374 622 409 p.
643 371 709 403 127.
730 368 760 394 et
776 371 848 402 170.
899 358 999 396 Harl.

421 462 594 510 Aduersus
610 464 693 499 vitae
706 462 892 511 monasticae
914 466 1150 510 vituperatores
1169 462 1244 499 libri
1261 472 1323 499 tres
1334 491 1344 504 ,
1371 463 1474 500 latine
1488 462 1570 500 versi
1587 460 1658 500 sunt
1680 463 1720 499 ab
1737 459 1917 500 Ambrosio
1933 462 2006 498 cai.

252 512 464 553 maldulenfi.
493 518 615 564 Incipit
632 529 732 564 opus:
758 512 817 554 ‘cire
827 514 884 555 τὲν
902 513 1188 566 ἐνἹεςιοσολιῘμοις
1204 511 1290 555 venir.
1307 517 1406 552 Fabr.
1434 537 1486 544 —-
1512 519 1551 552 In
1562 513 1789 553 ed.Montf.1.
1803 528 1835 564 p.
1852 525 1907 559 44.
1925 511 1998 563 sqq.

253 571 293 604 Iu
317 571 450 603 monito
473 570 610 616 praeuio
632 578 749 603 contra
772 568 973 607 Tilleinont.
1004 569 1153 617 pluribus
1183 567 1446 605 demonstratum
1475 570 1538 605 iuit
1559 565 1687 605 Montf.
1712 564 1999 614 Chrysossomum

251 620 330 656 illos
347 620 450 655 libros
466 619 541 667 post
556 617 711 654 seceffum
730 619 768 654 ad
788 632 919 656 montes
937 636 964 656 a.
984 633 1053 667 375.
1079 620 1130 655 vel
1148 618 1236 670 seqq.
1253 618 1442 670 euulgasse3
1466 623 1772 670 interpretationem
1793 628 1903 655 autem
1919 620 1998 653 Am·

251 671 353 707 hrofii
369 670 644 720 paraphrasticam
660 675 788 713 reiecit.¹
817 685 1009 722 nouamque
1024 670 1174 721 adposuit
1198 675 1299 707 textui
1314 686 1363 721 gr,
1387 693 1424 699 —
1484 673 1620 710 Exstant
1635 675 1670 708 in
1686 670 1785 708 codd.
1809 671 1890 710 bibl.
1906 668 1998 719 publ.

250 722 362 770 Paris
379 725 533 759 DCCCI.
550 732 581 758 et
596 725 813 760 DCCCXIV.
843 744 891 751 --=·
947 726 1092 760 Florem.
1116 727 1149 759 in
1174 723 1364 760 cod.Lau1·.
1381 727 1485 761 XXII.
1511 739 1560 761 nr.
1583 735 1614 768 4.
1636 724 1720 774 plut.
1747 735 1779 770 9.
1805 736 1836 758 v.
1850 722 2001 761 Bandin-

251 777 278 811 1.
296 787 329 825 p.
345 777 422 818 426.
449 794 500 801 —
526 774 696 823 Angustae
711 774 846 812 Vindel.
864 790 893 811 v.
903 777 1024 824 Rczfir.
1043 776 1136 812 catal.
1150 775 1260 811 MSSt.
1277 789 1308 824 p.
1325 787 1358 819 4.
1413 777 1515 814 Harl.

420 878 696 924 Comparationem
711 881 798 927 regis
813 886 843 914 et
861 880 1002 915 monachi
1017 877 1170 914 Erasmus
1188 891 1305 926 graece
1321 877 1449 914 addidit
1464 879 1615 915 homiliis
1631 877 1755 915 duabus
1770 882 1804 914 in
1823 876 2002 927 epistolam

250 927 291 967 ad
307 928 531 979 Philippenses
542 957 551 971 .,
575 940 713 978 Vtraque
728 931 845 978 lingua
861 931 1001 979 vulgatis
1019 929 1110 965 Bafil.
1130 932 1214 972 1526.
1233 936 1263 968 8.
1284 943 1384 977 quam
1401 928 1587 965 editionem
1602 931 1746 966 Sauilius
1762 930 1907 966 contulit
1921 943 2000 965 cuin

248 981 497 1019 MS.Palatino.
548 984 657 1017 Vertit
673 981 775 1017 latine
786 980 976 1027 Polydorus
987 982 1165 1031 Virgilius,
1195 992 1237 1022 et,
1255 985 1345 1017 cuius
1365 980 1552 1017 versionem
1562 984 1700 1018 Ducaeo
1717 980 1846 1018 seruare
1862 982 1999 1030 placuit,

250 1036 434 1070 Germanus
449 1035 588 1068 Brixius.
644 1035 780 1081 Incipit:
806 1033 885 1084 ἑξῶν
905 1033 974 1082 ἐγώ
990 1031 1054 1073 τὲς
1065 1031 1194 1072 πσᾶκὲς
1211 1033 1277 1071 τῶν
1297 1031 1505 1083 ἀνθρώπων.
1534 1034 1636 1069 Fabr.
1667 1053 1711 1059 -·
1742 1035 1781 1069 In
1800 1030 1931 1070 Montf.
1947 1031 1998 1068 ed.

250 1087 277 1121 1.
294 1099 325 1134 p.
344 1087 407 1123 116,
425 1081 493 1135 sqq.
510 1098 587 1120 cum
605 1086 763 1121 Germani
783 1087 893 1121 Brixii
916 1089 1205 1134 interpretatione.
1234 1086 1365 1134 aliquot
1388 1089 1421 1120 in
1440 1085 1525 1120 loeis
1548 1084 1740 1121 emendata:
1767 1088 1861 1134 isque
1886 1082 2000 1133 opusc.

248 1136 343 1187 quod
361 1138 504 1172 contulit
521 1150 598 1172 cum
615 1135 691 1172 cod.
707 1136 849 1173 Coislin.
867 1150 938 1182 242.
956 1151 1027 1173 non
1042 1137 1150 1173 modo
1169 1136 1402 1183 Chrysollomi
1423 1134 1555 1172 foetum
1577 1135 1703 1178 censet,
1731 1134 1782 1172 sed
1797 1140 1896 1172 etiam
1914 1139 2000 1172 inter

249 1189 468 1236 elegantiores
485 1192 553 1224 eius
568 1188 671 1226 libros
688 1189 936 1228 numerandum
950 1187 1023 1226 effe.
1078 1189 1134 1225 Est
1147 1192 1181 1225 in
1205 1188 1280 1226 cod.
1300 1192 1420 1226 CXIV.
1444 1190 1521 1225 bibl.
1539 1190 1646 1226 Marc.
1667 1190 1780 1225 Venet.
1803 1189 1878 1235 (cat.
1895 1186 1998 1225 codd.

248 1254 319 1291 ger.
336 1241 406 1287 68.)
423 1250 454 1276 et
468 1240 556 1277 alibi.

416 1345 578 1393 Compar.
595 1347 681 1394 regis
695 1353 726 1380 et
745 1347 906 1382 monachi
929 1367 963 1374 —
986 1349 1164 1397 interprete
1173 1348 1221 1383 Io.
1240 1346 1494 1392 Oecolampadio.
1547 1344 1764 1394 Moguntiae,
1793 1357 1833 1380 ex
1853 1339 1924 1379 aed.
1946 1344 1998 1380 10.

248 1393 445 1434 Schoefferi.
463 1408 550 1441 1522.
567 1408 600 1440 4.
614 1398 750 1442 (Maitt.
768 1400 808 1434 A.
827 1399 874 1434 Τ.
892 1401 936 1435 11.
954 1413 1031 1449 pag.
1049 1398 1144 1448 625.)
1172 1420 1220 1426 —-
1236 1396 1416 1447 'Augustae
1433 1396 1533 1434 vind.
1558 1399 1593 1432 in
1614 1395 1721 1432 aedib.
1737 1397 1893 1446 simperti
1914 1390 1999 1433 Rus.

248 1459 334 1494 1523.
350 1459 382 1492 4.
435 1449 592 1490 (Panzer
603 1451 662 1485 VI.
676 1463 754 1499 pag.
777 1452 846 1486 162.
864 1465 916 1486 nr.
932 1454 1024 1496 210.)
1053 1471 1102 1479 —
1129 1450 1222 1487 Bafil.
1251 1464 1303 1499 ap.
1322 1449 1427 1486 Andr.
1442 1447 1619 1486 Cratandr.
1643 1459 1729 1493 1523.
1748 1459 1778 1491 4.
1832 1448 1999 1493 (Panzer.

245 1501 290 1536 ib.
311 1513 343 1549 p.
360 1512 437 1544 240.
456 1514 507 1536 nr.
524 1502 616 1547 502.)
644 1521 692 1527 ——-
724 1503 944 1552 Comparatio
964 1506 1045 1545 regii
1069 1513 1280 1553 potentatus,
1309 1500 1503 1537 diuitiarum
1524 1515 1562 1536 ac
1583 1500 1797 1549 praestantiae
1815 1498 1860 1535 ad
1880 1513 1998 1537 mona-

246 1553 348 1588 chum
363 1563 424 1588 etc.
439 1566 489 1601 gr.
507 1562 539 1587 et
562 1553 618 1589 lat.
636 1553 802 1601 Polydoro
819 1554 968 1603 [Vergilio
986 1546 1148 1593 Vrbinate
1172 1558 1368 1603 interprete:
1398 1550 1504 1589 rursus
1522 1549 1561 1588 ab
1584 1555 1762 1601 interprete
1787 1554 2000 1601 recognitum

246 1616 332 1652 opus
354 1604 581 1652 illustriusque
602 1603 730 1641 factum
756 1612 847 1644 (eum
863 1607 1003 1656 Vergilii
1027 1606 1068 1642 ad
1083 1610 1260 1644 Erasmum
1283 1604 1437 1655 epistola,
1468 1604 1541 1640 data
1557 1603 1705 1640 Londini
1723 1606 1780 1639 ΙΙΙ.
1797 1605 1889 1639 Non.
1906 1606 1996 1654 Aug.

247 1658 352 1700 1528.)
403 1654 497 1690 Basil.
514 1667 599 1700 1533.
616 1664 646 1696 8.
662 1655 731 1692 fine
747 1660 886 1694 nomine
903 1660 1130 1709 typographi,
1161 1672 1265 1709 quem
1279 1669 1392 1695 tamen
1406 1658 1611 1694 Frobeniuin
1625 1653 1721 1692 fuiss'e
1740 1659 1877 1693 coniicit
1894 1657 2000 1693 Mizit·

247 1709 330 1745 taire
345 1709 386 1743 11.
400 1720 435 1756 p.
452 1718 530 1751 779.
582 1709 685 1744 Harl.
1950 1730 1953 1733 ᾗ

414 1811 517 1846 Liber
532 1811 571 1846 de
583 1812 754 1847 educandis
768 1812 874 1849 liberis
889 1827 908 1847 a
922 1807 1097 1861 Fraizcffco
1118 1813 1282 1861 Conibqfis.
1306 1826 1423 1863 graece
1443 1823 1474 1848 et
1498 1812 1599 1849 latine
1623 1809 1728 1848 editus
1742 1809 1838 1848 Paris
1856 1813 1946 1857 1656.
1964 1817 1994 1852 8.

245 1873 311 1898 vna
325 1875 403 1897 cum
419 1864 586 1898 Seueriani
605 1864 811 1900 Gabalormn
828 1863 976 1912 episcopi
997 1864 1038 1900 de
1054 1880 1174 1908 cruce,
1199 1865 1308 1902 Basilii
1325 1863 1539 1901 seleuciensis
1555 1864 1596 1900 de
1619 1867 1652 1900 S.
1669 1865 1838 1910 Stephano
1859 1866 1996 1914 eiusque

188 1960 194 1963 Δ
245 1913 415 1962 reliquiis,
443 1915 622 1950 Zachariae
633 1913 789 1964 -episcopi
809 1914 981 1952 Hierosol.
1005 1916 1142 1965 epistola
1157 1916 1199 1953 ad
1218 1916 1292 1953 suae
1314 1917 1418 1966 plebis
1437 1916 1591 1964 reliquias
1617 1929 1634 1950 e
1648 1913 1799 1956 Perside,
1826 1925 1857 1950 et
1879 1917 1997 1959 incerti

246 1963 287 2000 de
307 1964 424 2001 eadem
444 1968 655 2014 captiuitate.‚
682 1967 838 2016 vrbisque
860 1965 1007 2004 excidio.
1032 1970 1131 2005 Fabr.
1183 1968 1298 2004 Exstat
1314 1969 1462 2006 Venetiis
1490 1970 1524 2001 in
1552 1967 1629 2003 bibl.
1650 1968 1756 2002 Marc.
1780 1964 1857 2005 cod,
1873 1968 1994 2008 CXIX,

245 2019 302 2066 qui
325 2021 476 2053 continet
499 2018 660 2068 Eclogas‚
687 2017 711 2055 s.
735 2017 852 2055 selecta
871 2033 911 2056 ex
936 2033 1016 2070 opp,
1033 2024 1082 2056 10.
1104 2018 1278 2067 Chryfist.
1303 2020 1420 2054 homil.
1447 2019 1582 2053 XXVII.
1606 2031 1746 2067 quarum
1771 2018 1886 2053 titulos
1902 2034 1932 2058 v.
1959 2023 1997 2057 in

245 2078 303 2103 cat.
322 2068 422 2104 codd.
440 2083 491 2118 gr.
509 2072 615 2107 Marc.
645 2084 721 2119 pag.
738 2072 794 2115 69.
811 2091 861 2098 —
876 2072 988 2108 Paris.
1013 2075 1047 2107 in
1070 2072 1150 2109 bibl.
1170 2071 1263 2123 publ.
1285 2070 1386 2107 codd.
1405 2072 1633 2106 DCCLXXV.
1656 2083 1707 2106 nr.
1732 2082 1777 2106 12.
1799 2080 1831 2104 et
1845 2072 1995 2109 CMXII.

245 2133 295 2154 nr.
318 2132 368 2162 30.
385 2135 440 2208 elxi
453 2134 541 2170 qim,
564 2123 651 2160 olim
672 2125 852 2166 Mazartu„
871 2122 1099 2162 Combefifius
1122 2121 1261 2162 edidisse
1283 2123 1416 2160 videtur
1436 2123 1581 2168 librum,
1598 2120 1600 2122 ’
1619 2135 1721 2173 quem
1743 2121 1804 2160 ille
1826 2132 1923 2160 vocat
1939 2136 1998 2159 au·

243 2184 343 2211 reum.
440 2175 513 2210 arl.

1874 2328 1991 2367 Litar-
